@article{Sur2015,
    title = {{60 GHz indoor networking through flexible beams: A link-level profiling}},
    year = {2015},
    journal = {Performance Evaluation Review},
    author = {Sur, Sanjib and Venkateswaran, Vignesh and Zhang, Xinyu and Ramanathan, Parmesh},
    number = {1},
    pages = {71--84},
    volume = {43},
    isbn = {9781450334860},
    doi = {10.1145/2796314.2745858},
    issn = {01635999},
    keywords = {60 GHz, IEEE 802.11ad, Millimeter-wave, Software-radio}
}

@article{Abari2017,
    title = {{Enabling high-quality untethered virtual reality}},
    year = {2017},
    journal = {Proceedings of the 14th USENIX Symposium on Networked Systems Design and Implementation, NSDI 2017},
    author = {Abari, Omid and Bharadia, Dinesh and Duffield, Austin and Katabi, Dina},
    pages = {531--544},
    isbn = {9781931971379},
    doi = {10.1145/3130242.3131494}
}

@book{Sherman2019,
    title = {{VR developer gems}},
    year = {2019},
    booktitle = {CRC Press},
    author = {Sherman, William R.},
    number = {9},
    pages = {1689--1699},
    volume = {53},
    publisher = {CRC Press},
    isbn = {9788578110796},
    issn = {1098-6596},
    pmid = {25246403},
    arxivId = {arXiv:1011.1669v3},
    keywords = {icle}
}

@article{Hasanuddin20153DMethod,
    title = {{3D scanner for orthodontic using triangulation method}},
    year = {2015},
    journal = {Proceedings - 5th International Conference on Electrical Engineering and Informatics: Bridging the Knowledge between Academic, Industry, and Community, ICEEI 2015},
    author = {Hasanuddin, Muhammad Ogin and Permana, Gilang Eka and Akbar, Ibrahim and Wuryandari, Aciek Ida},
    pages = {360--364},
    isbn = {9781467373197},
    doi = {10.1109/ICEEI.2015.7352527},
    keywords = {3D Scanner, Dental mold, triangulation}
}

@inproceedings{Hasanuddin20153DMethodb,
    title = {{3D scanner for orthodontic using triangulation method}},
    year = {2015},
    booktitle = {2015 International Conference on Electrical Engineering and Informatics (ICEEI)},
    author = {Hasanuddin, Muhammad Ogin and Permana, Gilang Eka and Akbar, Ibrahim and Wuryandari, Aciek Ida},
    pages = {360--364}
}

@article{Goncalves2020ASetups,
    title = {{A comparative study between wired and wireless virtual reality setups}},
    year = {2020},
    journal = {IEEE Access},
    author = {Goncalves, Guilherme and Monteiro, Pedro and Melo, Miguel and Vasconcelos-Raposo, Jose and Bessa, Maximino},
    pages = {29249--29258},
    volume = {8},
    doi = {10.1109/ACCESS.2020.2970921},
    issn = {21693536},
    keywords = {Cybersickness, Virtual Reality, game experience, head-mounted display, immersion, presence, wireless}
}

@article{Iturbide2013AEquations,
    title = {{A comparison between LARS and LASSO for initialising the time-series forecasting auto-regressive equations}},
    year = {2013},
    journal = {Procedia Technology},
    author = {Iturbide, Eric and Cerda, Jaime and Graff, Mario},
    pages = {282--288},
    volume = {7},
    publisher = {Elsevier}
}

@article{Stein2021ADisplays,
    title = {{A comparison of eye tracking latencies among several commercial head-mounted displays}},
    year = {2021},
    journal = {i-Perception},
    author = {Stein, Niklas and Niehorster, Diederick C and Watson, Tamara and Steinicke, Frank and Rifai, Katharina and Wahl, Siegfried and Lappe, Markus},
    number = {1},
    pages = {2041669520983338},
    volume = {12},
    publisher = {SAGE Publications Sage UK: London, England}
}

@article{Lee2016ASmartphone,
    title = {{A development of virtual reality game utilizing Kinect, Oculus Rift and smartphone}},
    year = {2016},
    journal = {International Journal of Applied Engineering Research},
    author = {Lee, Dongik and Baek, Kiyeol and Lee, Jihyun and Lim, Hankyu},
    number = {2},
    pages = {829--833},
    volume = {11},
    issn = {09739769},
    keywords = {Head-mounted display, Kinect, Oculus rift, Smartphone, Virtual reality game}
}

@article{LaViola2000AEnvironments,
    title = {{A discussion of cybersickness in virtual environments}},
    year = {2000},
    journal = {ACM SIGCHI Bulletin},
    author = {LaViola, Joseph J.},
    number = {1},
    pages = {47--56},
    volume = {32},
    doi = {10.1145/333329.333344},
    issn = {0736-6906}
}

@article{Kong2018ATesting,
    title = {{A head-mounted goggle-type video-oculography system for vestibular function testing}},
    year = {2018},
    journal = {EURASIP Journal on Image and Video Processing},
    author = {Kong, Youngsun and Lee, Suhwan and Lee, Jinseok and Nam, Yunyoung},
    number = {1},
    pages = {1--10},
    volume = {2018},
    publisher = {Springer}
}

@article{Khaldi2020ATracking,
    title = {{A laser emitting contact lens for eye tracking}},
    year = {2020},
    journal = {Scientific Reports},
    author = {Khaldi, Alexandre and Daniel, Emmanuel and Massin, Lo\"\ic and K{\"{a}}rnfelt, Camilla and Ferranti, Francesco and Lahuec, Cyril and Seguin, Fabrice and Nourrit, Vincent and de la Tocnaye, J-L},
    number = {1},
    pages = {1--8},
    volume = {10},
    publisher = {Nature Publishing Group}
}

@article{Robinson1963AField,
    title = {{A method of measuring eye movemnent using a scieral search coil in a magnetic field}},
    year = {1963},
    journal = {IEEE Transactions on bio-medical electronics},
    author = {Robinson, David A},
    number = {4},
    pages = {137--145},
    volume = {10},
    publisher = {IEEE}
}

@phdthesis{Barnes2017ADevices,
    title = {{A positional timewarp accelerator for mobile virtual reality devices}},
    year = {2017},
    author = {Barnes, Russell M.},
    school = {University of California Santa Barbara}
}

@article{Rosenbaum2007A2006,
    title = {{A report: the definition and classification of cerebral palsy April 2006}},
    year = {2007},
    journal = {Dev Med Child Neurol Suppl},
    author = {Rosenbaum, Peter and Paneth, Nigel and Leviton, Alan and Goldstein, Murray and Bax, Martin and Damiano, Diane and Dan, Bernard and Jacobsson, Bo and {others}},
    number = {suppl 109},
    pages = {8--14},
    volume = {109},
    doi = {10.1111/j.1469-8749.2007.tb12610.x}
}

@article{Cai2016AGames,
    title = {{A survey on cloud gaming: Future of computer games}},
    year = {2016},
    journal = {IEEE Access},
    author = {Cai, Wei and Shea, Ryan and Huang, Chun Ying and Chen, Kuan Ta and Liu, Jiangchuan and Leung, Victor C.M. and Hsu, Cheng Hsin},
    pages = {7605--7620},
    volume = {4},
    publisher = {IEEE},
    doi = {10.1109/ACCESS.2016.2590500},
    issn = {21693536},
    keywords = {Clouds, Computer Graphics, Distributed Computing, Quality Of Service, Video Coding}
}

@article{Chennamma2013ATechniques,
    title = {{A survey on eye-gaze tracking techniques}},
    year = {2013},
    journal = {arXiv preprint arXiv:1312.6410},
    author = {Chennamma, H R and Yuan, Xiaohui}
}

@misc{AGlassTracker,
    title = {{aGlass eye tracker}},
    url = {https://aglass.com/}
}

@inproceedings{Susanto2017AM-BO:Robot,
    title = {{AM-BO: Single propulsive method amphibious robot}},
    year = {2017},
    booktitle = {2017 International Conference on Advanced Mechatronics, Intelligent Manufacture, and Industrial Automation (ICAMIMIA)},
    author = {Susanto, Raafi Dwi and Jati, Agung Nugroho and Setianingsih, Casi},
    month = {10},
    publisher = {IEEE},
    isbn = {978-1-5386-2729-7},
    doi = {10.1109/ICAMIMIA.2017.8387562}
}

@inproceedings{Petrangeli2017AnVideos,
    title = {{An http/2-based adaptive streaming framework for 360 virtual reality videos}},
    year = {2017},
    booktitle = {Proceedings of the 25th ACM international conference on Multimedia},
    author = {Petrangeli, Stefano and Swaminathan, Viswanathan and Hosseini, Mohammad and De Turck, Filip},
    pages = {306--314}
}

@article{Smit2009AnQuality,
    title = {{An Image-warping architecture for VR: low latency versus image quality}},
    year = {2009},
    journal = {2009 IEEE Virtual Reality Conference},
    author = {Smit, F A and van Liere, Robert and Beck, Stephan and Froehlich, Bernd},
    doi = {10.1109/vr.2009.4810995},
    pmid = {null}
}

@article{Smit2008AnApplications,
    title = {{An image-warping VR-architecture: design, implementation and applications}},
    year = {2008},
    journal = {VRST '08},
    author = {Smit, F A and van Liere, R and Fr{\"{o}}hlich, Bernd},
    doi = {10.1145/1450579.1450605},
    pmid = {null}
}

@inproceedings{Saksesi2018AnalysisNetwork,
    title = {{Analysis Text of Hate Speech Detection Using Recurrent Neural Network}},
    year = {2018},
    booktitle = {2018 International Conference on Control, Electronics, Renewable Energy and Communications (ICCEREC)},
    author = {Saksesi, Arum Sucia and Nasrun, Muhammad and Setianingsih, Casi},
    month = {12},
    publisher = {IEEE},
    isbn = {978-1-7281-1993-9},
    doi = {10.1109/ICCEREC.2018.8712104}
}

@article{Ovaska1998AngularReview,
    title = {{Angular acceleration measurement: A review}},
    year = {1998},
    journal = {IEEE Transactions on Instrumentation and Measurement},
    author = {Ovaska, Seppo J. and V{\"{a}}liviita, Sami},
    number = {5},
    pages = {1211--1217},
    volume = {47},
    doi = {10.1109/19.746585},
    issn = {00189456},
    keywords = {Acceleration, Acceleration measurement, Differentiation, Digital filters, Observers, Velocity measurement}
}

@inproceedings{LagaDwiPandika2018ApllicationAlgorithm,
    title = {{Apllication of Optimization Heavy Traffic Path with Floyd-Warshall Algorithm}},
    year = {2018},
    booktitle = {2018 International Conference on Control, Electronics, Renewable Energy and Communications (ICCEREC)},
    author = {Laga Dwi Pandika, I Kadek and Irawan, Budhi and Setianingsih, Casi},
    month = {12},
    publisher = {IEEE},
    isbn = {978-1-7281-1993-9},
    doi = {10.1109/ICCEREC.2018.8712110}
}

@article{Imaoka2020AssessingTechnology,
    title = {{Assessing saccadic eye movements with head-mounted display virtual reality technology}},
    year = {2020},
    journal = {Frontiers in Psychiatry},
    author = {Imaoka, Yu and Flury, Andri and De Bruin, Eling D},
    pages = {922},
    volume = {11},
    publisher = {Frontiers}
}

@misc{Beeler2016AsynchronousSpacewarp,
    title = {{Asynchronous spacewarp}},
    year = {2016},
    author = {Beeler, Dean and Hutchins, Ed and Pedriana, Paul},
    url = {https://developer.oculus.com/blog/asynchronous-spacewarp/}
}

@misc{Beeler2016AsynchronousRift,
    title = {{Asynchronous timewarp on oculus rift}},
    year = {2016},
    author = {Beeler, Dean and Gosalia, Anuj},
    url = {https://developer.oculus.com/blog/asynchronous-timewarp-on-oculus-rift/}
}

@inproceedings{Li2018Battery-freeGlasses,
    title = {{Battery-free eye tracker on glasses}},
    year = {2018},
    booktitle = {Proceedings of the 24th Annual International Conference on Mobile Computing and Networking},
    author = {Li, Tianxing and Zhou, Xia},
    pages = {67--82}
}

@misc{BlenderFoundation2022BlenderEngine,
    title = {{Blender Game Engine}},
    year = {2022},
    author = {{Blender Foundation}},
    url = {https://upbge.org/}
}

@misc{CAVEEnvironment,
    title = {{CAVE Automatic Virtual Environment}},
    url = {http://www.visbox.com/products/cave/}
}

@article{Hu2020Cellular-connectedSolutions,
    title = {{Cellular-connected wireless virtual reality: Requirements, challenges, and solutions}},
    year = {2020},
    journal = {arXiv},
    author = {Hu, Fenghe and Deng, Yansha and Saad, Walid and Bennis, Mehdi and Hamid Aghvami, A.},
    number = {May},
    pages = {105--111},
    issn = {23318422}
}

@inproceedings{Hajrahnur2018ClassificationC4.5,
    title = {{Classification of posts Twitter traffic jam the city of Jakarta using algorithm C4.5}},
    year = {2018},
    booktitle = {2018 International Conference on Signals and Systems (ICSigSys)},
    author = {Hajrahnur, Suhartina and Nasrun, Muhammad and Setianingsih, Casi and Murti, Muhammad Ary},
    month = {5},
    publisher = {IEEE},
    isbn = {978-1-5386-5689-1},
    doi = {10.1109/ICSIGSYS.2018.8372776}
}

@article{Shea2015CloudHardware,
    title = {{Cloud gaming: Understanding the support from advanced virtualization and hardware}},
    year = {2015},
    journal = {IEEE Transactions on Circuits and Systems for Video Technology},
    author = {Shea, Ryan and Fu, Di and Liu, Jiangchuan},
    number = {12},
    pages = {2026--2037},
    volume = {25},
    doi = {10.1109/TCSVT.2015.2450172},
    issn = {10518215},
    keywords = {Cloud computing, graphics processing unit (GPU), video gaming, virtualization}
}

@article{HuaweiiLab2018CloudPaper,
    title = {{Cloud VR network solution white paper}},
    year = {2018},
    journal = {Huawei Technologies Co., Ltd.},
    author = {{Huawei iLab}},
    url = {https://www.huawei.com/minisite/pdf/ilab/cloud_vr_network_solution_white_paper_en.pdf}
}

@article{Chan2017Cloud-basedGaming,
    title = {{Cloud-based VR gaming: Our vision on improving the accessibility of VR gaming}},
    year = {2017},
    journal = {Proceedings - 2017 International Symposium on Ubiquitous Virtual Reality, ISUVR 2017},
    author = {Chan, Kar Long and Ichikawa, Kohei and Watashiba, Yasuhiro and Iida, Hajimu},
    pages = {24--25},
    isbn = {9781538630914},
    doi = {10.1109/ISUVR.2017.15}
}

@article{Buzys2018CloudificationGame,
    title = {{Cloudification of virtual reality gliding simulation game}},
    year = {2018},
    journal = {Information (Switzerland)},
    author = {Buzys, Rytis and Maskeliunas, Rytis and Dama{\v{s}}evi{\v{c}}ius, Robertas and Sidekerskiene, Tatjana and Wo{\'{z}}niak, Marcin and Wei, Wei},
    number = {12},
    volume = {9},
    doi = {10.3390/info9120293},
    issn = {20782489},
    keywords = {Cloud computing, Cloud gaming, Game-as-a-service, Virtual reality}
}

@article{Kamarainen2018CloudVR:Reality,
    title = {{CloudVR: Cloud accelerated interactive mobile virtual reality}},
    year = {2018},
    journal = {MM 2018 - Proceedings of the 2018 ACM Multimedia Conference},
    author = {K{\"{a}}m{\"{a}}r{\"{a}}inen, Teemu and Eerik{\"{a}}inen, Jukka and Siekkinen, Matti and Yl{\"{a}}-J{\"{a}}{\"{a}}ski, Antti},
    pages = {1181--1189},
    isbn = {9781450356657},
    doi = {10.1145/3240508.3240620},
    keywords = {Cloud, Edge computing, Optimization, Rendering, Unity, Virtual reality}
}

@inproceedings{Aryani2019ClusteringAlgorithm,
    title = {{Clustering Data in Power Management System Using k-Means Clustering Algorithm}},
    year = {2019},
    booktitle = {2019 IEEE Asia Pacific Conference on Wireless and Mobile (APWiMob)},
    author = {Aryani, Ressy and Nasrun, Muhammad and Setianingsih, Casi and Murti, Muhammad Ary},
    month = {11},
    publisher = {IEEE},
    isbn = {978-1-7281-4865-6},
    doi = {10.1109/APWiMob48441.2019.8964143}
}

@article{Nagavally2017CompositeApplications,
    title = {{Composite materials-history, types, fabrication techniques, advantages, and applications}},
    year = {2017},
    journal = {Int. J. Mech. Prod. Eng},
    author = {Nagavally, Rahul Reddy},
    number = {9},
    pages = {82--87},
    volume = {5}
}

@article{Borovykh2017ConditionalNetworks,
    title = {{Conditional time series forecasting with convolutional neural networks}},
    year = {2017},
    journal = {Lecture Notes in Computer Science (including subseries Lecture Notes in Artificial Intelligence and Lecture Notes in Bioinformatics)},
    author = {Borovykh, Anastasia and Bohte, Sander and Oosterlee, Cornelis W.},
    pages = {729--730},
    volume = {10614 LNCS},
    isbn = {9783319686110},
    issn = {16113349},
    arxivId = {1703.04691},
    keywords = {Convolutional neural network, Financial time series}
}

@article{CONTROLCOVID-19,
    title = {{CONTROL THEORY CAN HELP US COVID-19}}
}

@article{Freedman2000CoordinationKinematics,
    title = {{Coordination of the eyes and head: Movement kinematics}},
    year = {2000},
    journal = {Experimental Brain Research},
    author = {Freedman, Edward G. and Sparks, David L.},
    number = {1},
    pages = {22--32},
    volume = {131},
    doi = {10.1007/s002219900296},
    issn = {00144819},
    pmid = {10759168},
    keywords = {Eye-head interactions, Gaze shifts, Kinematics}
}

@inproceedings{Ban2018Cub360:Streaming,
    title = {{Cub360: Exploiting cross-users behaviors for viewport prediction in 360 video adaptive streaming}},
    year = {2018},
    booktitle = {2018 IEEE International Conference on Multimedia and Expo (ICME)},
    author = {Ban, Yixuan and Xie, Lan and Xu, Zhimin and Zhang, Xinggong and Guo, Zongming and Wang, Yue},
    pages = {1--6}
}

@inproceedings{Liu2018CuttingRendering,
    title = {{Cutting the cord: Designing a high-quality untethered VR system with low latency remote rendering}},
    year = {2018},
    booktitle = {Proceedings of the 16th Annual International Conference on Mobile Systems, Applications, and Services},
    author = {Liu, Luyang and Zhong, Ruiguang and Zhang, Wuyang and Liu, Yunxin and Zhang, Jiansong and Zhang, Lintao and Gruteser, Marco},
    month = {6},
    publisher = {ACM},
    address = {New York, NY, USA},
    isbn = {9781450357203},
    doi = {10.1145/3210240.3210313}
}

@article{Palmisano2020CybersicknessPose,
    title = {{Cybersickness in head-mounted displays is caused by differences in the user's virtual and physical head pose}},
    year = {2020},
    journal = {Frontiers in Virtual Reality},
    author = {Palmisano, Stephen and Allison, Robert S. and Kim, Juno},
    number = {November},
    pages = {1--24},
    volume = {1},
    doi = {10.3389/frvir.2020.587698},
    keywords = {cybersickness, head-mounted display, head-mounted display, motion sickness, cybersickne, motion sickness, motion-to-photon latency, postural instability, sensory conflict}
}

@article{Palmisano2020CybersicknessPoseb,
    title = {{Cybersickness in head-mounted displays is caused by differences in the user's virtual and physical head pose}},
    year = {2020},
    journal = {Frontiers in Virtual Reality},
    author = {Palmisano, Stephen and Allison, Robert S. and Kim, Juno},
    number = {November},
    pages = {1--24},
    volume = {1},
    doi = {10.3389/frvir.2020.587698},
    keywords = {cybersickness, head-mounted display, head-mounted display, motion sickness, cybersickne, motion sickness, motion-to-photon latency, postural instability, sensory conflict}
}

@article{Triyanto2018Desain,
    title = {{Desain Navigasi Robot Beroda Menggunakan Fuzzy Logic Controller ( FLC )}},
    year = {2018},
    author = {Triyanto, Dedi and Nirmala, Irma},
    pages = {451--457}
}

@inproceedings{Pasau2019DesignPlatform,
    title = {{Design of Human Behavior Automatic Lamp Switch with Blynk Platform}},
    year = {2019},
    booktitle = {2019 IEEE Asia Pacific Conference on Wireless and Mobile (APWiMob)},
    author = {Pasau, Adiatma Manglolo and Nasrun, Muhammad and Setianingsih, Casi},
    month = {11},
    publisher = {IEEE},
    isbn = {978-1-7281-4865-6},
    doi = {10.1109/APWiMob48441.2019.8964163}
}

@inproceedings{Vyanza2017DesignMethods,
    title = {{Design of smart door system for live face recognition based on image processing using principal component analysis and template matching correlation methods}},
    year = {2017},
    booktitle = {2017 IEEE Asia Pacific Conference on Wireless and Mobile (APWiMob)},
    author = {Vyanza, Valerian Ezra and Setianingsih, Casi and Irawan, Budhi},
    month = {11},
    publisher = {IEEE},
    isbn = {978-1-5386-2373-2},
    doi = {10.1109/APWiMob.2017.8283999}
}

@inproceedings{Martiano2019DetectionMethod,
    title = {{Detection of Potential Skin Cancer Lentigo Maligna Melanoma and Nodular Melanoma with Expert System Using Variable-Centered Intelligent Rule System (VCIRS) Method}},
    year = {2019},
    booktitle = {2019 6th International Conference on Instrumentation, Control, and Automation (ICA)},
    author = {Martiano, Herfi Fani and Purboyo, Tito Waluyo and Setianingsih, Casi},
    month = {7},
    publisher = {IEEE},
    isbn = {978-1-7281-0916-9},
    doi = {10.1109/ICA.2019.8916743}
}

@inproceedings{Hanifah2018DetectionAlgorithm,
    title = {{Detection of Pterygium Disease Using Forward Chaining and Viola Jones Algorithm}},
    year = {2018},
    booktitle = {2018 International Conference on Control, Electronics, Renewable Energy and Communications (ICCEREC)},
    author = {Hanifah, Umu and Daru Kusuma, Purba and Setianingsih, Casi},
    month = {12},
    publisher = {IEEE},
    isbn = {978-1-7281-1993-9},
    doi = {10.1109/ICCEREC.2018.8712102}
}

@article{Massin2020DevelopmentTracking,
    title = {{Development of a new scleral contact lens with encapsulated photodetectors for eye tracking}},
    year = {2020},
    journal = {Optics Express},
    author = {Massin, Lo\"\ic and Nourrit, Vincent and Lahuec, Cyril and Seguin, Fabrice and Adam, Laure and Daniel, Emmanuel and {others}},
    number = {19},
    pages = {28635--28647},
    volume = {28},
    publisher = {Optical Society of America}
}

@article{Shultz1997DevelopmentVegetables,
    title = {{Development of an Aquaponic System for the Intensive Production of Tilapia and Hydroponic Vegetables}},
    year = {1997},
    journal = {Aquaponics Journal},
    author = {Shultz, K a and Cole, W M}
}

@inproceedings{Putra2019DevelopmentSystem,
    title = {{Development of IoT Server on Electricity Mapping System}},
    year = {2019},
    booktitle = {2019 IEEE Asia Pacific Conference on Wireless and Mobile (APWiMob)},
    author = {Putra, Yuantoro K. S. and Nasrun, Muhammad and Setianingsih, Casi and Murti, Muhammad Ary},
    month = {11},
    publisher = {IEEE},
    isbn = {978-1-7281-4865-6},
    doi = {10.1109/APWiMob48441.2019.8964174}
}

@inproceedings{Chainago2019DevelopmentROS,
    title = {{Development of non-Platform Mobile Robot for Simultaneous Localization And Mapping Using ROS}},
    year = {2019},
    booktitle = {2019 IEEE International Conference on Aerospace Electronics and Remote Sensing Technology (ICARES)},
    author = {Chainago, Viekrie Maifa and Jati, Agung Nugroho and Setianingsih, Casi},
    month = {10},
    publisher = {IEEE},
    isbn = {978-1-7281-3676-9},
    doi = {10.1109/ICARES.2019.8914356}
}

@article{Muid2018DIGITALWEBSITE,
    title = {{DIGITAL MENGGUNAKAN ARDUINO MEGA 2560 BERBASIS WEBSITE}},
    year = {2018},
    author = {Muid, Abdul and Nirmala, Irma and Komputer, Rekayasa Sistem and Fisika, Jurusan},
    number = {02},
    pages = {201--213},
    volume = {05},
    keywords = {arduino mega, ldr sensor, shoe size, website}
}

@inproceedings{Hartawan2019DisasterMethod,
    title = {{Disaster Victims Detection System Using Convolutional Neural Network (CNN) Method}},
    year = {2019},
    booktitle = {2019 IEEE International Conference on Industry 4.0, Artificial Intelligence, and Communications Technology (IAICT)},
    author = {Hartawan, Dean Rizki and Purboyo, Tito Waluyo and Setianingsih, Casi},
    month = {7},
    publisher = {IEEE},
    isbn = {978-1-7281-3745-2},
    doi = {10.1109/ICIAICT.2019.8784782}
}

@inproceedings{Utami2017DistanceRobot,
    title = {{Distance control panel for mini amphibious robot}},
    year = {2017},
    booktitle = {2017 International Conference on Advanced Mechatronics, Intelligent Manufacture, and Industrial Automation (ICAMIMIA)},
    author = {Utami, Prili Vanindya Dinda and Jati, Agung Nugroho and Setianingsih, Casi},
    month = {10},
    publisher = {IEEE},
    isbn = {978-1-5386-2729-7},
    doi = {10.1109/ICAMIMIA.2017.8387557}
}

@article{Pantera2022DoesFunctioning,
    title = {{Does Hippotherapy Improve the Functions in Children with Cerebral Palsy? Systematic Review Based on the International Classification of Functioning}},
    year = {2022},
    journal = {Journal of Integrative and Complementary Medicine},
    author = {Pantera, Eric and Froment, Priscilla and Vernay, Didier},
    publisher = {Mary Ann Liebert, Inc., publishers 140 Huguenot Street, 3rd Floor New{\~{}}{\ldots}},
    doi = {10.1089/jicm.2021.0417}
}

@article{Kim2018EffectElderly,
    title = {{Effect of horse riding and horse riding simulator exercises on the balance of the elderly}},
    year = {2018},
    journal = {Indian Journal of Public Health Research and Development},
    author = {Kim, Eun Ja and Kim, Dae Hun},
    number = {12},
    pages = {2306--2310},
    volume = {9},
    doi = {10.5958/0976-5506.2018.02206.4},
    issn = {09760245},
    keywords = {Balance, Elderly, Horse riding, Horse riding simulator, Simulator exercises}
}

@article{Temcharoensuk2015EffectTrial,
    title = {{Effect of horseback riding versus a dynamic and static horse riding simulator on sitting ability of children with cerebral palsy: A randomized controlled trial}},
    year = {2015},
    journal = {Journal of Physical Therapy Science},
    author = {Temcharoensuk, Peeraya and Lekskulchai, Raweewan and Akamanon, Chanut and Ritruechai, Patt Ama and Ongsa, Sureelak Sutcharitp},
    number = {1},
    pages = {273--277},
    volume = {27},
    doi = {10.1589/jpts.27.273},
    issn = {09155287},
    keywords = {Cerebral palsy, Horse riding simulator, Horseback riding}
}

@article{Temcharoensuk2015EffectTrial.,
    title = {{Effect of horseback riding versus a dynamic and static horse riding simulator on sitting ability of children with cerebral palsy: a randomized controlled trial.}},
    year = {2015},
    journal = {Journal of Physical Therapy Science},
    author = {Temcharoensuk, Peeraya and Lekskulchai, Raweewan and Lekskulchai, Raweewan and Akamanon, Chanut and Ritruechai, Pattama and Ritruechai, Pattama and Sutcharitpongsa, Sureelak},
    doi = {10.1589/jpts.27.273},
    pmid = {25642090}
}

@article{Widman2006EffectivenessDysfunction,
    title = {{Effectiveness of an upper extremity exercise device integrated with computer gaming for aerobic training in adolescents with spinal cord dysfunction}},
    year = {2006},
    journal = {The journal of spinal cord medicine},
    author = {Widman, Lana M and McDonald, Craig M and Abresch, R Ted},
    number = {4},
    pages = {363--370},
    volume = {29},
    publisher = {Taylor {\&} Francis},
    doi = {10.1080/10790268.2006.11753884.}
}

@article{Dominguez-Romero2020EffectivenessMeta-analysis,
    title = {{Effectiveness of mechanical horse-riding simulators on postural balance in neurological rehabilitation: Systematic review and meta-analysis}},
    year = {2020},
    journal = {International Journal of Environmental Research and Public Health},
    author = {Dominguez-Romero, Juan G. and Molina-Aroca, Assumpta and Moral-Munoz, Jose A. and Luque-Moreno, Carlos and Lucena-Anton, David},
    number = {1},
    volume = {17},
    isbn = {3467334016},
    doi = {10.3390/ijerph17010165},
    issn = {16604601},
    pmid = {31881693},
    keywords = {Cerebral palsy, Neurological rehabilitation, Postural balance, Robotics, Stroke}
}

@article{Dominguez-Romero2019EffectivenessMeta-Analysis,
    title = {{Effectiveness of Mechanical Horse-Riding Simulators on Postural Balance in Neurological Rehabilitation: Systematic Review and Meta-Analysis}},
    year = {2019},
    journal = {International Journal of Environmental Research and Public Health},
    author = {Dominguez-Romero, Juan G and Molina-Aroca, Assumpta and Moral-Munoz, Jose A and Luque-Moreno, Carlos and Luque-Moreno, Carlos and Lucena-Anton, David},
    doi = {10.3390/ijerph17010165},
    pmid = {31881693}
}

@article{Ravi2017EffectivenessReview,
    title = {{Effectiveness of virtual reality rehabilitation for children and adolescents with cerebral palsy: an updated evidence-based systematic review}},
    year = {2017},
    journal = {Physiotherapy},
    author = {Ravi, D K and Kumar, Neelesh and Singhi, P},
    doi = {10.1016/j.physio.2016.08.004},
    pmid = {28109566}
}

@inproceedings{Caserman2019EffectsApplications,
    title = {{Effects of end-to-end latency on user experience and performance in immersive virtual reality applications}},
    year = {2019},
    booktitle = {Joint International Conference on Entertainment Computing and Serious Games},
    author = {Caserman, Polona and Martinussen, Michelle and G{\"{o}}bel, Stefan},
    pages = {57--69}
}

@article{Park2014EffectsPalsy,
    title = {{Effects of hippotherapy on gross motor function and functional performance of children with Cerebral Palsy}},
    year = {2014},
    journal = {Yonsei Medical Journal},
    author = {Park, Eun Sook and Rha, Dong-Wook and Shin, Jung Soon and Kim, Soohyeon and Jung, Soojin},
    number = {6},
    pages = {1736},
    volume = {55},
    doi = {10.3349/ymj.2014.55.6.1736},
    issn = {0513-5796}
}

@article{Chinniah2020EffectsPalsy,
    title = {{Effects of horse riding simulator on sitting motor function in children with spastic cerebral palsy}},
    year = {2020},
    journal = {Physiotherapy Research International},
    author = {Chinniah, Hemachithra and Natarajan, Meena and Ramanathan, R and Ambrose, John William Felix},
    doi = {10.1002/pri.1870},
    pmid = {32808394}
}

@article{Lee2014EffectsAdults,
    title = {{Effects of indoor horseback riding and virtual reality exercises on the dynamic balance ability of normal healthy adults}},
    year = {2014},
    journal = {Journal of Physical Therapy Science},
    author = {Lee, Daehee and Lee, Sangyong and Park, Jungseo},
    number = {12},
    pages = {1903--1905},
    volume = {26},
    doi = {10.1589/jpts.26.1903},
    issn = {09155287},
    keywords = {Dynamic balance, Indoor horseback riding exercise, Virtual reality exercise}
}

@article{Lee2014EffectsAdults.,
    title = {{Effects of indoor horseback riding and virtual reality exercises on the dynamic balance ability of normal healthy adults.}},
    year = {2014},
    journal = {Journal of Physical Therapy Science},
    author = {Lee, Daehee and Lee, Sangyong and Park, Jungseo},
    doi = {10.1589/jpts.26.1903},
    pmid = {25540494}
}

@article{Kim2019EffectsStudy,
    title = {{Effects of Virtual Reality Horse Riding Simulator Training Using a Head-Mounted Display on Balance and Gait Functions in Children with Cerebral Palsy: A Preliminary Pilot Study}},
    year = {2019},
    journal = {The Journal of Korean Physical Therapy},
    author = {Kim, Hae Won and Nam, Ki Seok and Son, Sung Min},
    number = {5},
    pages = {273--278},
    volume = {31},
    doi = {10.18857/jkpt.2019.31.5.273},
    issn = {1229-0475},
    keywords = {cerebral palsy, head-mount display, horse riding, virtual reality}
}

@article{Kim2019EffectsStudyb,
    title = {{Effects of Virtual Reality Horse Riding Simulator Training Using a Head-Mounted Display on Balance and Gait Functions in Children with Cerebral Palsy: A Preliminary Pilot Study}},
    year = {2019},
    journal = {The Journal of Korean Physical Therapy},
    author = {Kim, Hae Won and Nam, Ki Seok and Nam, Ki Seok and Son, Sung Min},
    doi = {10.18857/jkpt.2019.31.5.273},
    pmid = {null}
}

@article{Kim2019EffectsStudyc,
    title = {{Effects of Virtual Reality Horse Riding Simulator Training Using a Head-Mounted Display on Balance and Gait Functions in Children with Cerebral Palsy: A Preliminary Pilot Study}},
    year = {2019},
    journal = {The Journal of Korean Physical Therapy},
    author = {Kim, Hae Won and Nam, Ki Seok and Nam, Ki Seok and Son, Sung Min},
    doi = {10.18857/jkpt.2019.31.5.273},
    pmid = {null}
}

@inproceedings{Widhiono2019ElectronicSmartphone,
    title = {{Electronic Loads Control and Management Using Priority Queue Algorithm on Android Based Smartphone}},
    year = {2019},
    booktitle = {2019 International Seminar on Research of Information Technology and Intelligent Systems (ISRITI)},
    author = {Widhiono, Shofyan Arsyad and Ary Murti, Muhammad and Setianingsih, Casi},
    month = {12},
    publisher = {IEEE},
    isbn = {978-1-7281-4520-4},
    doi = {10.1109/ISRITI48646.2019.9034600}
}

@inproceedings{HijraFerdinan2018EmotionMethod,
    title = {{Emotion Classification in Song Lyrics Using K-Nearest Neighbor Method}},
    year = {2018},
    booktitle = {2018 International Conference on Control, Electronics, Renewable Energy and Communications (ICCEREC)},
    author = {Hijra Ferdinan, Afif and Brian Osmond, Andrew and Setianingsih, Casi},
    month = {12},
    publisher = {IEEE},
    isbn = {978-1-7281-1993-9},
    doi = {10.1109/ICCEREC.2018.8712092}
}

@article{TaiTan2019EnhancementWLANs,
    title = {{Enhancement of motion feedback latency for wireless virtual reality in IEEE 802.11 WLANs}},
    year = {2019},
    journal = {2019 IEEE Global Communications Conference, GLOBECOM 2019 - Proceedings},
    author = {Tai Tan, Dang and Kim, Sanghyun and Yun, Ji Hoon},
    isbn = {9781728109626},
    doi = {10.1109/GLOBECOM38437.2019.9013507},
    keywords = {IEEE 802.11, Motion feedback, Virtual reality, Wireless VR}
}

@article{Polikar2006EnsembleMaking,
    title = {{Ensemble based systems in decision making}},
    year = {2006},
    journal = {IEEE Circuits and systems magazine},
    author = {Polikar, Robi},
    number = {3},
    pages = {21--45},
    volume = {6},
    publisher = {IEEE}
}

@article{Kim2018EquineRiding,
    title = {{Equine Exercise in Younger and Older Adults: Simulated Versus Real Horseback Riding}},
    year = {2018},
    journal = {Perceptual and Motor Skills},
    author = {Kim, Min Joo and Kim, Tae Yeong and Oh, Sejun and Yoon, Bum Chul},
    number = {1},
    pages = {93--108},
    volume = {125},
    doi = {10.1177/0031512517736463},
    issn = {1558688X},
    pmid = {29073822},
    keywords = {aging, core exercise, health promotion, hippotherapy, horseback riding exercise, horseback riding simulator}
}

@article{Kim2018EquineRiding:,
    title = {{Equine Exercise in Younger and Older Adults: Simulated Versus Real Horseback Riding:}},
    year = {2018},
    journal = {Perceptual and Motor Skills},
    author = {Kim, Minjoo and Kim, Min Joo and Kim, Tae Yeong and Kim, TaeYeong and Oh, Sejun and Yoon, BumChul},
    doi = {10.1177/0031512517736463},
    pmid = {29073822}
}

@inproceedings{Emery2021EstimatingEnvironments,
    title = {{Estimating Gaze From Head and Hand Pose and Scene Images for Open-Ended Exploration in VR Environments}},
    year = {2021},
    booktitle = {2021 IEEE Conference on Virtual Reality and 3D User Interfaces Abstracts and Workshops (VRW)},
    author = {Emery, Kara J and Zannoli, Marina and Xiao, Lei and Warren, James and Talathi, Sachin S},
    pages = {554--555}
}

@article{Zhao2017EstimatingDisplays,
    title = {{Estimating the motion-to-photon latency in head mounted displays}},
    year = {2017},
    journal = {Proceedings - IEEE Virtual Reality},
    author = {Zhao, Jingbo and Allison, Robert S. and Vinnikov, Margarita and Jennings, Sion},
    pages = {313--314},
    isbn = {9781509066476},
    doi = {10.1109/VR.2017.7892302},
    keywords = {End-to-End Latency, Head-Mounted Displays, Motion-to-Photon Latency}
}

@article{Benzing2018ExergamingThreats,
    title = {{Exergaming for children and adolescents: strengths, weaknesses, opportunities and threats}},
    year = {2018},
    journal = {Journal of clinical medicine},
    author = {Benzing, Valentin and Schmidt, Mirko},
    number = {11},
    pages = {422},
    volume = {7},
    publisher = {MDPI},
    doi = {10.3390/jcm7110422}
}

@article{Meyns2021ExergamingTrial,
    title = {{Exergaming improves balance in children with spastic cerebral palsy with low balance performance: results from a multicenter controlled trial}},
    year = {2021},
    journal = {Disability and Rehabilitation},
    author = {Meyns, Pieter and Blanckaert, Ian and Bras, Chloé and Jacobs, Nina and Harlaar, Jaap and van de Pol, Laura and Plasschaert, Frank and Van Waelvelde, Hilde and Buizer, Annemieke I},
    pages = {1--10},
    publisher = {Taylor {\&} Francis},
    doi = {10.1080/09638288.2021.1954704}
}

@article{Rosa2020ExpandingSensors,
    title = {{Expanding the mobile VR experience: walking detection and body tracking with worn sensors}},
    year = {2020},
    author = {Rosa, Matteo},
    publisher = {Italy}
}

@inproceedings{Greenwald2016EyeImages,
    title = {{Eye gaze tracking with google cardboard using purkinje images}},
    year = {2016},
    booktitle = {Proceedings of the 22nd ACM Conference on Virtual Reality Software and Technology},
    author = {Greenwald, Scott W and Loreti, Luke and Funk, Markus and Zilberman, Ronen and Maes, Pattie},
    pages = {19--22}
}

@article{Smith1960EyeEye,
    title = {{Eye movement and stimulus movement; new photoelectric electromechanical system for recording and measuring tracking motions of the eye}},
    year = {1960},
    journal = {JOSA},
    author = {Smith, William M and Warter, Peter J},
    number = {3},
    pages = {245--250},
    volume = {50},
    publisher = {Optical Society of America}
}

@article{Clay2019EyeReality,
    title = {{Eye tracking in virtual reality}},
    year = {2019},
    journal = {Journal of eye movement research},
    author = {Clay, Viviane and K{\"{o}}nig, Peter and Koenig, Sabine},
    number = {1},
    volume = {12},
    publisher = {European Group for Eye Movement Research}
}

@article{Drakopoulos2021EyeCamera,
    title = {{Eye tracking interaction on unmodified mobile VR headsets using the selfie camera}},
    year = {2021},
    journal = {ACM Transactions on Applied Perception (TAP)},
    author = {Drakopoulos, Panagiotis and Koulieris, George-Alex and Mania, Katerina},
    number = {3},
    pages = {1--20},
    volume = {18},
    publisher = {ACM New York, NY, USA}
}

@article{Sun2021Eye-trackingArrays,
    title = {{Eye-tracking monitoring based on PMUT arrays}},
    year = {2021},
    journal = {Journal of Microelectromechanical Systems},
    author = {Sun, Sheng and Wang, Jianyuan and Zhang, Menglun and Yuan, Yi and Ning, Yuan and Ma, Dong and Niu, Pengfei and Gong, Yi and Yang, Xiaopeng and Pang, Wei},
    publisher = {IEEE}
}

@article{Ahuja2018Eyespyvr:Headsets,
    title = {{Eyespyvr: Interactive eye sensing using off-the-shelf, smartphone-based vr headsets}},
    year = {2018},
    journal = {Proceedings of the ACM on Interactive, Mobile, Wearable and Ubiquitous Technologies},
    author = {Ahuja, Karan and Islam, Rahul and Parashar, Varun and Dey, Kuntal and Harrison, Chris and Goel, Mayank},
    number = {2},
    pages = {1--10},
    volume = {2},
    publisher = {ACM New York, NY, USA}
}

@inproceedings{Azis2018FaceEigenface,
    title = {{Face recognition in night day using method eigenface}},
    year = {2018},
    booktitle = {2018 International Conference on Signals and Systems (ICSigSys)},
    author = {Azis, Fiqri Malik Abdul and Nasrun, Muhammad and Setianingsih, Casi and Murti, Muhammad Ary},
    month = {5},
    publisher = {IEEE},
    isbn = {978-1-5386-5689-1},
    doi = {10.1109/ICSIGSYS.2018.8372646}
}

@article{Bourke2008FAQ:Projection,
    title = {{FAQ: Spherical mirror projection for hemispherical dome projection}},
    year = {2008},
    journal = {WASP UWA online, Perth Western Australia},
    author = {Bourke, Paul}
}

@inproceedings{Yu2019Field-of-viewNetworks,
    title = {{Field-of-view prediction in 360-degree videos with attention-based neural encoder-decoder networks}},
    year = {2019},
    booktitle = {Proceedings of the 11th ACM Workshop on Immersive Mixed and Virtual Environment Systems},
    author = {Yu, Jiang and Liu, Yong},
    pages = {37--42}
}

@article{Pranamurti2019FirePi,
    title = {{Fire Detection Use CCTV with Image Processing Based Raspberry Pi}},
    year = {2019},
    journal = {Journal of Physics: Conference Series},
    author = {Pranamurti, H. and Murti, A. and Setianingsih, C.},
    number = {1},
    volume = {1201},
    doi = {10.1088/1742-6596/1201/1/012015},
    issn = {17426596}
}

@inproceedings{Sadewa2019FireNetworks,
    title = {{Fire Detection Using Image Processing Techniques with Convolutional Neural Networks}},
    year = {2019},
    booktitle = {2019 International Seminar on Research of Information Technology and Intelligent Systems (ISRITI)},
    author = {Sadewa, Raam Pujangga and Irawan, Budhi and Setianingsih, Casi},
    month = {12},
    publisher = {IEEE},
    isbn = {978-1-7281-4520-4},
    doi = {10.1109/ISRITI48646.2019.9034642}
}

@article{Fan2017FixationReality,
    title = {{Fixation prediction for 360{${}^\circ$} video streaming in head-mounted virtual reality}},
    year = {2017},
    journal = {Proceedings of the 27th ACM Workshop on Network and Operating Systems Support for Digital Audio and Video, NOSSDAV 2017},
    author = {Fan, Ching Ling and Lee, Jean and Lo, Wen Chih and Huang, Chun Ying and Chen, Kuan Ta and Hsu, Cheng Hsin},
    pages = {67--72},
    isbn = {9781450350037},
    doi = {10.1145/3083165.3083180},
    keywords = {360{${}^\circ$} Video, HMD, Prediction, Virtual reality}
}

@inproceedings{Qian2018Flare:Devices,
    title = {{Flare: Practical viewport-adaptive 360-degree video streaming for mobile devices}},
    year = {2018},
    booktitle = {Proceedings of the 24th Annual International Conference on Mobile Computing and Networking},
    author = {Qian, Feng and Han, Bo and Xiao, Qingyang and Gopalakrishnan, Vijay},
    pages = {99--114}
}

@inproceedings{Sanubari2018FloodNetwork,
    title = {{Flood Modelling and Prediction Using Artificial Neural Network}},
    year = {2018},
    booktitle = {2018 IEEE International Conference on Internet of Things and Intelligence System (IOTAIS)},
    author = {Sanubari, Awal Rais and Kusuma, Purba Daru and Setianingsih, Casi},
    month = {11},
    publisher = {IEEE},
    isbn = {978-1-5386-7358-4},
    doi = {10.1109/IOTAIS.2018.8600869}
}

@inproceedings{EgaKartika2019FloodsIoT,
    title = {{Floods Prediction Using Radial Basis Function (RBF) Based on Internet of Things (IoT)}},
    year = {2019},
    booktitle = {2019 IEEE International Conference on Industry 4.0, Artificial Intelligence, and Communications Technology (IAICT)},
    author = {Ega Kartika, Ni Komang and Murti, Muhammad Ary and Setianingsih, Casi},
    month = {7},
    publisher = {IEEE},
    isbn = {978-1-7281-3745-2},
    doi = {10.1109/ICIAICT.2019.8784839}
}

@article{Weier2018FoveatedDisplays,
    title = {{Foveated depth-of-field filtering in head-mounted displays}},
    year = {2018},
    journal = {ACM Transactions on Applied Perception (TAP)},
    author = {Weier, Martin and Roth, Thorsten and Hinkenjann, André and Slusallek, Philipp},
    number = {4},
    pages = {1--14},
    volume = {15},
    publisher = {ACM New York, NY, USA}
}

@inproceedings{Shi2019Freedom:Networks,
    title = {{Freedom: Fast recovery enhanced vr delivery over mobile networks}},
    year = {2019},
    booktitle = {Proceedings of the 17th Annual International Conference on Mobile Systems, Applications, and Services},
    author = {Shi, Shu and Gupta, Varun and Jana, Rittwik},
    pages = {130--141}
}

@article{Putri2020FuzzyDimension,
    title = {{Fuzzy Logic System Implementation with Mamdani Method in Computer-Based Intelligence Quotient Test to Determining the Type of Intelligence Dimension}},
    year = {2020},
    journal = {Journal of Physics: Conference Series},
    author = {Putri, G N and Dirgantoro, B and Aulia, P and Setianingsih, C},
    month = {7},
    volume = {1577},
    doi = {10.1088/1742-6596/1577/1/012005},
    issn = {1742-6588}
}

@inproceedings{Mitsugami2017GazeDynamics,
    title = {{Gaze estimation based on eyeball-head dynamics}},
    year = {2017},
    booktitle = {Proceedings 2017 IEEE Winter Conference on Applications of Computer Vision Workshops, WACVW 2017},
    author = {Mitsugami, Ikuhisa and Okinaka, Yamato and Yagi, Yasushi},
    month = {4},
    pages = {48--52},
    publisher = {Institute of Electrical and Electronics Engineers Inc.},
    isbn = {9781509049417},
    doi = {10.1109/WACVW.2017.15}
}

@inproceedings{Murakami2020GazeEye,
    title = {{Gaze from head: gaze estimation without observing eye}},
    year = {2020},
    booktitle = {Lecture Notes in Computer Science (including subseries Lecture Notes in Artificial Intelligence and Lecture Notes in Bioinformatics)},
    author = {Murakami, Jun'ichi and Mitsugami, Ikuhisa},
    pages = {254--267},
    volume = {12046 LNCS},
    publisher = {Springer},
    isbn = {9783030414030},
    doi = {10.1007/978-3-030-41404-7{\_}18},
    issn = {16113349},
    keywords = {Eye-head coordination, Gaze estimation, Virtual realty}
}

@misc{GoogleDaydream,
    title = {{Google Daydream}},
    url = {https://arvr.google.com/daydream/}
}

@misc{GoogleDaydreamb,
    title = {{Google Daydream}},
    url = {https://arvr.google.com/daydream/}
}

@inproceedings{Crisgar2021GPS-BasedFirebase,
    title = {{GPS-Based Vehicle Tracking and Theft Detection Systems using Google Cloud IoT Core {\&} Firebase}},
    year = {2021},
    booktitle = {2021 International Symposium on Electronics and Smart Devices (ISESD)},
    author = {Crisgar, Puji Valen and Wijaya, Patrick Ryan and Pakpahan, Marcell D F and Syamsuddin, Eniman Yunus and Hasanuddin, Muhammad Ogin},
    pages = {1--6}
}

@inproceedings{Crisgar2021HardwareSystem,
    title = {{Hardware Design for IoT-Based Vehicle Tracking and Theft Detection System}},
    year = {2021},
    booktitle = {2021 International Symposium on Electronics and Smart Devices (ISESD)},
    author = {Crisgar, Puji Valen and Wijaya, Patrick Ryan and Pakpahan, Marcell D F and Syamsuddin, Eniman Yunus and Hasanuddin, Muhammad Ogin},
    pages = {1--6}
}

@inproceedings{PutraPerdana2019HateMethod,
    title = {{Hate Speech Detection in Indonesian Language on Instagram Comment Section Using Deep Neural Network Classification Method}},
    year = {2019},
    booktitle = {2019 IEEE Asia Pacific Conference on Wireless and Mobile (APWiMob)},
    author = {Putra Perdana, B.B Sakti and Irawan, Budhi and Setianingsih, Casi},
    month = {11},
    publisher = {IEEE},
    isbn = {978-1-7281-4865-6},
    doi = {10.1109/APWiMob48441.2019.8964197}
}

@inproceedings{Briliani2019HateMethod,
    title = {{Hate Speech Detection in Indonesian Language on Instagram Comment Section Using K-Nearest Neighbor Classification Method}},
    year = {2019},
    booktitle = {2019 IEEE International Conference on Internet of Things and Intelligence System (IoTaIS)},
    author = {Briliani, Annisa and Irawan, Budhi and Setianingsih, Casi},
    month = {11},
    publisher = {IEEE},
    isbn = {978-1-7281-2516-9},
    doi = {10.1109/IoTaIS47347.2019.8980398}
}

@inproceedings{Erizal2019HateMethod,
    title = {{Hate Speech Detection in Indonesian Language on Instagram Comment Section Using Maximum Entropy Classification Method}},
    year = {2019},
    booktitle = {2019 International Conference on Information and Communications Technology (ICOIACT)},
    author = {Erizal, Elvira and Irawan, Budhi and Setianingsih, Casi},
    month = {7},
    publisher = {IEEE},
    isbn = {978-1-7281-1655-6},
    doi = {10.1109/ICOIACT46704.2019.8938593}
}

@inproceedings{BrGinting2019HateMethod,
    title = {{Hate Speech Detection on Twitter Using Multinomial Logistic Regression Classification Method}},
    year = {2019},
    booktitle = {2019 IEEE International Conference on Internet of Things and Intelligence System (IoTaIS)},
    author = {Br Ginting, Purnama Sari and Irawan, Budhi and Setianingsih, Casi},
    month = {11},
    publisher = {IEEE},
    isbn = {978-1-7281-2516-9},
    doi = {10.1109/IoTaIS47347.2019.8980379}
}

@inproceedings{AhmadNiam2018HateImage,
    title = {{Hate Speech Detection Using Latent Semantic Analysis (LSA) Method Based On Image}},
    year = {2018},
    booktitle = {2018 International Conference on Control, Electronics, Renewable Energy and Communications (ICCEREC)},
    author = {Ahmad Niam, Ilham Maulana and Irawan, Budhi and Setianingsih, Casi and Putra, Bagas Prakoso},
    month = {12},
    publisher = {IEEE},
    isbn = {978-1-7281-1993-9},
    doi = {10.1109/ICCEREC.2018.8712111}
}

@article{Polak2006HeadEnergy,
    title = {{Head motion anticipation for virtual-environment applications using kinematics and EMG energy}},
    year = {2006},
    journal = {IEEE Transactions on Systems, Man, and Cybernetics Part A:Systems and Humans},
    author = {Polak, Simon and Barniv, Yair and Baram, Yoram},
    number = {3},
    pages = {569--576},
    volume = {36},
    doi = {10.1109/TSMCA.2005.855781},
    issn = {10834427},
    keywords = {Electromyogram, Head-mounted display, Neural networks, Pattern recognition, Virtual environment}
}

@inproceedings{Lavalle2014HeadRift,
    title = {{Head tracking for the Oculus Rift}},
    year = {2014},
    booktitle = {Proceedings - IEEE International Conference on Robotics and Automation},
    author = {Lavalle, Steven M. and Yershova, Anna and Katsev, Max and Antonov, Michael},
    pages = {187--194},
    isbn = {9781479936854},
    doi = {10.1109/ICRA.2014.6906608},
    issn = {10504729}
}

@article{Cognolato2018Head-mountedAdvances,
    title = {{Head-mounted eye gaze tracking devices: An overview of modern devices and recent advances}},
    year = {2018},
    journal = {Journal of rehabilitation and assistive technologies engineering},
    author = {Cognolato, Matteo and Atzori, Manfredo and M{\"{u}}ller, Henning},
    pages = {2055668318773991},
    volume = {5},
    publisher = {SAGE Publications Sage UK: London, England}
}

@inproceedings{Cleary2018HippotherapyPalsy,
    title = {{Hippotherapy simulator for children with cerebral palsy}},
    year = {2018},
    booktitle = {Medical Imaging 2018: Image-Guided Procedures, Robotic Interventions, and Modeling},
    author = {Cleary, Kevin and Fooladi Talari, Hadi and Roshani Tabrizi, Pooneh and Morozova, Olga and Burton, Justin and Belschner, Justine and Monfaredi, Reza and Salvador, Tyler and Coley, Catherine and Alyamani, Sara and Saavedra, Sandra and Goodworth, Adam and Evans, Sally},
    editor = {Webster, Robert J. and Fei, Baowei},
    month = {3},
    pages = {75},
    publisher = {SPIE},
    isbn = {9781510616417},
    doi = {10.1117/12.2295317}
}

@article{AOKI2002HorseReality,
    title = {{Horse Riding System Using Virtual Reality}},
    year = {2002},
    journal = {The Japanese Journal of Rehabilitation Medicine},
    author = {AOKI, Takaaki and ABE, Motoyuki and SHIMIZU, Katsuji and ITOKAZU, Mansyo and KIJIMA, Ryugo and HASHIMOTO, Kouji and JIANG, Yifa and OJIKA, Takeo},
    number = {12},
    pages = {817--820},
    volume = {39},
    publisher = {The Japanese Association of Rehabilitation Medicine}
}

@article{Wright2008HowPalsy,
    title = {{How do changes in body functions and structures, activity, and participation relate in children with cerebral palsy?}},
    year = {2008},
    journal = {Developmental Medicine {\&} Child Neurology},
    author = {Wright, F Virginia and Rosenbaum, Peter L and Goldsmith, Charles H and Law, Mary and Fehlings, Darcy L},
    number = {4},
    pages = {283--289},
    volume = {50},
    publisher = {Wiley Online Library},
    doi = {10.1111/j.1469-8749.2008.02037.x}
}

@misc{HTCVIVE,
    title = {{HTC VIVE}},
    url = {https://www.vive.com/}
}

@inproceedings{Fauzan2019IBR-DTNMission,
    title = {{IBR-DTN to Solve Communication Problem on Post-Disaster Rescue Mission}},
    year = {2019},
    booktitle = {2019 International Seminar on Intelligent Technology and Its Applications (ISITIA)},
    author = {Fauzan, Muhammad and Purboyo, Tito Waluyo and Setianingsih, Casi},
    month = {8},
    publisher = {IEEE},
    isbn = {978-1-7281-3749-0},
    doi = {10.1109/ISITIA.2019.8937256}
}

@article{Bourke2009IDome:Engine,
    title = {{iDome: Immersive gaming with the Unity3D game engine}},
    year = {2009},
    journal = {Computer Games and Allied Technology},
    author = {Bourke, Paul},
    volume = {9}
}

@article{Peek2014ImageDisplays,
    title = {{Image warping for enhancing consumer applications of head-mounted displays}},
    year = {2014},
    journal = {AUIC},
    author = {Peek, Edward M and W{\"{u}}nsche, Burkhard C and Lutteroth, Christof},
    doi = {null},
    pmid = {null}
}

@article{McGee2009ImmediatePalsy,
    title = {{Immediate effects of a hippotherapy session on gait parameters in children with spastic cerebral palsy}},
    year = {2009},
    journal = {Pediatric Physical Therapy},
    author = {McGee, Margaret C. and Reese, Nancy B.},
    number = {2},
    pages = {212--218},
    volume = {21},
    doi = {10.1097/PEP.0b013e3181a39532},
    issn = {08985669},
    pmid = {19440132},
    keywords = {Adolescent, Cerebral palsy, Child, Gait parameters, Horse, Physical therapy}
}

@article{Fauzi2017ImplementasiCAVE,
    title = {{Implementasi Lingkungan Realitas Maya dengan Menggunakan Cave Automated Virtual Environment (CAVE)}},
    year = {2017},
    journal = {Jurnal Teknik ITS},
    author = {Fauzi, Ahmad Ridwan and Kuswardayan, Imam and Herumurti, Darlis},
    number = {1},
    pages = {1--4},
    volume = {6},
    doi = {10.12962/j23373539.v6i1.22356},
    issn = {2301-9271}
}

@article{Fauzi2017ImplementasiCAVEb,
    title = {{Implementasi Lingkungan Realitas Maya dengan Menggunakan Cave Automated Virtual Environment (CAVE)}},
    year = {2017},
    journal = {Jurnal Teknik ITS},
    author = {Fauzi, Ahmad Ridwan and Kuswardayan, Imam and Herumurti, Darlis},
    number = {1},
    pages = {A1–A4},
    volume = {6}
}

@inproceedings{Pakpahan2021ImplementationSystems,
    title = {{Implementation of Data Communication for Motor Vehicle Tracking Systems}},
    year = {2021},
    booktitle = {2021 International Symposium on Electronics and Smart Devices (ISESD)},
    author = {Pakpahan, Marcell D F and Crisgar, Puji Valen and Wijaya, Patrick Ryan and Syamsuddin, Eniman Yunus and Hasanuddin, Muhammad Ogin},
    pages = {1--5}
}

@inproceedings{Sasia2019ImplementationMemory,
    title = {{Implementation of Lamp Control System by Reccurent Neural Network and Long-Short Term Memory}},
    year = {2019},
    booktitle = {2019 International Seminar on Research of Information Technology and Intelligent Systems (ISRITI)},
    author = {Sasia, Priscilya Inri and Ary Murti, Muhammad and Setianingsih, Casi},
    month = {12},
    publisher = {IEEE},
    isbn = {978-1-7281-4520-4},
    doi = {10.1109/ISRITI48646.2019.9034645}
}

@inproceedings{Wijaya2021ImplementationApp,
    title = {{Implementation of Motor Vehicle Tracking Software-as-a-Service (SaaS) Application Based on Progressive Web App}},
    year = {2021},
    booktitle = {2021 International Symposium on Electronics and Smart Devices (ISESD)},
    author = {Wijaya, Patrick Ryan and Crisgar, Puji Valen and Pakpahan, Marcell D F and Syamsuddin, Eniman Yunus and Hasanuddin, Muhammad Ogin},
    pages = {1--6}
}

@inproceedings{Alifani2019ImplementationMethod,
    title = {{Implementation of Voice Recognition in Disaster Victim Detection Using Hidden Markov Model (HMM) Method}},
    year = {2019},
    booktitle = {2019 International Seminar on Intelligent Technology and Its Applications (ISITIA)},
    author = {Alifani, Ferry and Purboyo, Tito Waluyo and Setianingsih, Casi},
    month = {8},
    publisher = {IEEE},
    isbn = {978-1-7281-3749-0},
    doi = {10.1109/ISITIA.2019.8937290}
}

@article{SensortecBosch2014IntelligentSensor,
    title = {{Intelligent 9-axis absolute orientation sensor}},
    year = {2014},
    journal = {BNO055 datasheet, November},
    author = {{Sensortec Bosch}}
}

@inproceedings{Setianingsih2018ION-DTNDisaster,
    title = {{ION-DTN based on UAV System for Emergency Communication During Natural Disaster}},
    year = {2018},
    booktitle = {2018 21st International Symposium on Wireless Personal Multimedia Communications (WPMC)},
    author = {Setianingsih, Casi and Nurjanah, Runi Siti and Devi Gunawan, Ahmad and Nurjanah, Rumani and Murti, Muhammad Ary},
    month = {11},
    publisher = {IEEE},
    isbn = {978-1-5386-5757-7},
    doi = {10.1109/WPMC.2018.8713099}
}

@misc{JufitSmartTechShanghaiCo.2022JufitJFF043QM,
    title = {{Jufit JFF043QM}},
    year = {2022},
    author = {{Jufit Smart Tech (Shanghai Co.)}},
    url = {https://www.jufit.com/sport-equipment/horse-riding-machine-jufit-jff043qm-electric/}
}

@article{Triyulianti2020JurnalDIPLEGI,
    title = {{Jurnal Ilmiah Fisioterapi (JIF) Volume 03 Nomor 01 Februari 2020 PENGARUH HIPPOTHERAPY TERHADAP PENINGKATAN KONTROL POSTUR ANAK DENGAN KONDISI CEREBRAL PALSY SPASTIK DIPLEGI}},
    year = {2020},
    author = {Triyulianti, Sari and Fisioterapi, Program Studi D-iii and Abdurrab, Universitas},
    pages = {28--34},
    volume = {03},
    keywords = {cerebral palsy spastic diplegic, hippotherapy, postural control}
}

@inproceedings{Safira2019K-NearestNail,
    title = {{K-Nearest Neighbour Classification and Feature Extraction GLCM for Identification of Terry's Nail}},
    year = {2019},
    booktitle = {2019 IEEE International Conference on Industry 4.0, Artificial Intelligence, and Communications Technology (IAICT)},
    author = {Safira, Laura and Irawan, Budhi and Setianingsih, Casi},
    month = {7},
    publisher = {IEEE},
    isbn = {978-1-7281-3745-2},
    doi = {10.1109/ICIAICT.2019.8784856}
}

@article{Smeresky2018KinematicsAge,
    title = {{Kinematics in the information age}},
    year = {2018},
    journal = {Mathematics},
    author = {Smeresky, Brendon and Rizzo, Alexa and Sands, Timothy},
    number = {9},
    month = {8},
    volume = {6},
    doi = {10.3390/math6090148},
    issn = {2227-7390}
}

@article{Stauffert2020LatencyReview.,
    title = {{Latency and cybersickness: impact, causes, and measures. A review.}},
    year = {2020},
    journal = {Frontiers in Virtual Reality},
    author = {Stauffert, Jan-Philipp and Niebling, Florian and Latoschik, Marc Erich},
    number = {November},
    pages = {1--10},
    volume = {1},
    doi = {10.3389/frvir.2020.582204},
    keywords = {cybersickness, jitter, latency, simulator sickness, virtual reality, virtual reality,  latency, cybersickness, jitter,}
}

@article{Stauffert2020LatencyReview.b,
    title = {{Latency and cybersickness: impact, causes, and measures. A review.}},
    year = {2020},
    journal = {Frontiers in Virtual Reality},
    author = {Stauffert, Jan-Philipp and Niebling, Florian and Latoschik, Marc Erich},
    pages = {31},
    volume = {1},
    publisher = {Frontiers}
}

@misc{Abrash2012LatencyVR,
    title = {{Latency – the sine qua non of AR and VR}},
    year = {2012},
    author = {Abrash, Michael},
    url = {https://web.archive.org/web/20190409035549/http://blogs.valvesoftware.com/abrash/latency-the-sine-qua-non-of-ar-and-vr/}
}

@article{Efron2004LeastRegression,
    title = {{Least angle regression}},
    year = {2004},
    journal = {The Annals of statistics},
    author = {Efron, Bradley and Hastie, Trevor and Johnstone, Iain and Tibshirani, Robert},
    number = {2},
    pages = {407--499},
    volume = {32},
    publisher = {Institute of Mathematical Statistics}
}

@inproceedings{Wibowo2018LieTree,
    title = {{Lie Detector With Analysis Pupil Dilation And Eye Blinks Analysis Using Hough Transform And Decision Tree}},
    year = {2018},
    booktitle = {2018 International Conference on Control, Electronics, Renewable Energy and Communications (ICCEREC)},
    author = {Wibowo, Taufiq Ari and Nasrun, Muhammad and Setianingsih, Casi},
    month = {12},
    publisher = {IEEE},
    isbn = {978-1-7281-1993-9},
    doi = {10.1109/ICCEREC.2018.8712103}
}

@inproceedings{Nugroho2017LieLogic,
    title = {{Lie detector with pupil dilation and eye blinks using hough transform and frame difference method with fuzzy logic}},
    year = {2017},
    booktitle = {2017 International Conference on Control, Electronics, Renewable Energy and Communications (ICCREC)},
    author = {Nugroho, Respatyadi Hari and Nasrun, Muhammad and Setianingsih, Casi},
    month = {9},
    publisher = {IEEE},
    isbn = {978-1-5386-1667-3},
    doi = {10.1109/ICCEREC.2017.8226697}
}

@inproceedings{Labibah2018LieTree,
    title = {{Lie Detector With The Analysis Of The Change Of Diameter Pupil and The Eye Movement Use Method Gabor Wavelet Transform and Decision Tree}},
    year = {2018},
    booktitle = {2018 IEEE International Conference on Internet of Things and Intelligence System (IOTAIS)},
    author = {Labibah, Zuhrah and Nasrun, Muhammad and Setianingsih, Casi},
    month = {11},
    publisher = {IEEE},
    isbn = {978-1-5386-7358-4},
    doi = {10.1109/IOTAIS.2018.8600918}
}

@article{Torok1951LXXXNystagmography,
    title = {{LXXX Photoelectric Nystagmography}},
    year = {1951},
    journal = {Annals of Otology, Rhinology {\&} Laryngology},
    author = {Torok, Nicholas and Guillemin Jr, Victor and Barnothy, J M},
    number = {4},
    pages = {917--926},
    volume = {60},
    publisher = {SAGE Publications Sage CA: Los Angeles, CA}
}

@article{Thomas1997MachineDirections,
    title = {{Machine learning research: Four current directions}},
    year = {1997},
    journal = {Artificial Intelligence, Magazine},
    author = {Thomas, G Dietterich},
    number = {4},
    pages = {97--136},
    volume = {18}
}

@article{Warburton2022MeasuringSystems,
    title = {{Measuring motion-to-photon latency for sensorimotor experiments with virtual reality systems}},
    year = {2022},
    journal = {bioRxiv},
    author = {Warburton, Matthew and Mon-Williams, Mark and Mushtaq, Faisal and Morehead, J Ryan},
    publisher = {Cold Spring Harbor Laboratory},
    doi = {10.1101/2022.06.24.497509}
}

@article{Maharani2018MengujikanIndonesia,
    title = {{Mengujikan Internet Addiction Test (IAT) ke Responden Indonesia}},
    year = {2018},
    journal = {INA-Rxiv Papers},
    author = {Maharani, Devira Anggi and Prasojo, Rahman Azis and Hasanuddin, Muhammad Ogin and Mahayana, Dimitri},
    url = {https://osf.io/preprints/inarxiv/7ag4w/}
}

@article{Shi2019MobileDesign,
    title = {{Mobile VR on edge cloud: A latency-driven design}},
    year = {2019},
    journal = {Proceedings of the 10th ACM Multimedia Systems Conference, MMSys 2019},
    author = {Shi, Shu and Gupta, Varun and Hwang, Michael and Jana, Rittwik},
    number = {August},
    pages = {222--231},
    isbn = {9781450362979},
    doi = {10.1145/3304109.3306217},
    keywords = {360 degree video, Mobile VR, Mobile edge cloud, Motion-to-update latency, Remote rendering}
}

@inproceedings{KhalidWaleed2019MonitoringLogic,
    title = {{Monitoring and Classification System of River Water Pollution Conditions with Fuzzy Logic}},
    year = {2019},
    booktitle = {2019 IEEE International Conference on Industry 4.0, Artificial Intelligence, and Communications Technology (IAICT)},
    author = {Khalid Waleed, A.S. and Kusuma, Purba Daru and Setianingsih, Casi},
    month = {7},
    publisher = {IEEE},
    isbn = {978-1-7281-3745-2},
    doi = {10.1109/ICIAICT.2019.8784857}
}

@article{Peek2013MoreHMDs,
    title = {{More for less: Fast image warping for improving the appearance of head tracking on HMDs}},
    year = {2013},
    journal = {2013 28th International Conference on Image and Vision Computing New Zealand (IVCNZ 2013)},
    author = {Peek, Edward M and Lutteroth, Christof and W{\"{u}}nsche, Burkhard C},
    doi = {10.1109/ivcnz.2013.6726990},
    pmid = {null}
}

@article{Pradipta2017MotionPalsy,
    title = {{Motion Development Program for Parents of Child with Cerebral Palsy}},
    year = {2017},
    journal = {Jurnal Penelitian Dan Pengembangan Pendidikan Luar Biasa},
    author = {Pradipta, Rizqi Fajar and Andajani, Sri Joeda},
    number = {2},
    pages = {160--164},
    volume = {4},
    keywords = {Motion development Program, Parents, cerebral palsy}
}

@article{Kim2020Motion-awareReality,
    title = {{Motion-aware interplay between wigig and wifi for wireless virtual reality}},
    year = {2020},
    journal = {Sensors (Switzerland)},
    author = {Kim, Sanghyun and Yun, Ji Hoon},
    number = {23},
    pages = {1--17},
    volume = {20},
    doi = {10.3390/s20236782},
    issn = {14248220},
    pmid = {33261082},
    keywords = {Multi-radio, VR, WiFi, WiGig, Wireless virtual reality}
}

@article{Bao2017Motion-Prediction-BasedTransmissions,
    title = {{Motion-Prediction-Based Multicast for 360-Degree Video Transmissions}},
    year = {2017},
    journal = {2017 14th Annual IEEE International Conference on Sensing, Communication, and Networking, SECON 2017},
    author = {Bao, Yanan and Zhang, Tianxiao and Pande, Amit and Wu, Huasen and Liu, Xin},
    isbn = {9781509065998},
    doi = {10.1109/SAHCN.2017.7964928}
}

@article{Siswanto2019MovingTrain,
    title = {{Moving block signalling system prototype utilizing magnetic field to determine position of a train}},
    year = {2019},
    journal = {ICSET 2018 - 2018 IEEE 8th International Conference on System Engineering and Technology, Proceedings},
    author = {Siswanto, Rahmat and Suwita, Ferry Stephanus and Prihatmanto, Ary Setijadi and Darmakusuma, Reza and Rosyid, Harits Ar and Satriawan, Ardianto},
    number = {October},
    pages = {35--39},
    publisher = {IEEE},
    isbn = {9781538691809},
    doi = {10.1109/ICSEngT.2018.8606395},
    keywords = {cbtc, iot, magnetic field, moving block, signalling}
}

@inproceedings{Siswanto2018MovingTrain,
    title = {{Moving block signalling system prototype utilizing magnetic field to determine position of a train}},
    year = {2018},
    booktitle = {2018 IEEE 8th International Conference on System Engineering and Technology (ICSET)},
    author = {Siswanto, Rahmat and Suwita, Ferry Stephanus and Prihatmanto, Ary Setijadi and Darmakusuma, Reza and Rosyid, Harits Ar and Satriawan, Ardianto},
    pages = {35--39}
}

@article{Mehrabi2021Multi-tierReality,
    title = {{Multi-tier cloudvr: Leveraging edge computing in remote rendered virtual reality}},
    year = {2021},
    journal = {ACM Transactions on Multimedia Computing, Communications, and Applications (TOMM)},
    author = {Mehrabi, Abbas and Siekkinen, Matti and K{\"{a}}m{\"{a}}r{\"{a}}inen, Teemu and yl̈-J̈̈ski, Antti},
    number = {2},
    pages = {1--24},
    volume = {17},
    publisher = {ACM New York, NY, USA}
}

@article{Rashbass1960NewMovements,
    title = {{New method for recording eye movements}},
    year = {1960},
    journal = {JOSA},
    author = {Rashbass, Cyril},
    number = {7},
    pages = {642--644},
    volume = {50},
    publisher = {Optical Society of America}
}

@misc{Antonov2015NoTitle,
    title = {{No Title}},
    year = {2015},
    booktitle = {Asynchronous Timewarp Examined},
    author = {Antonov, Michael},
    url = {https://developer.oculus.com/blog/asynchronous-timewarp-examined/}
}

@misc{OculusGo,
    title = {{Oculus Go}},
    url = {https://www.oculus.com/go/}
}

@misc{OculusQuest,
    title = {{Oculus Quest}},
    url = {https://www.oculus.com/quest/}
}

@misc{OculusQuestb,
    title = {{Oculus Quest}},
    url = {https://www.oculus.com/quest/}
}

@misc{OculusRift,
    title = {{Oculus Rift}},
    url = {https://www.oculus.com/}
}

@misc{ClickedInc.2017OnAirVR,
    title = {{onAirVR}},
    year = {2017},
    author = {{Clicked Inc.}},
    url = {https://onairvr.io/}
}

@misc{OnAirVRPage,
    title = {{OnAirVR GitHub Page}},
    url = {https://github.com/onairvr/onairvr-server-for-unity}
}

@misc{2018OpenOSVR,
    title = {{Open Source Virtual Reality (OSVR)}},
    year = {2018},
    url = {https://osvr.github.io/}
}

@inproceedings{Li2020OpticalDetectors,
    title = {{Optical gaze tracking with spatially-sparse single-pixel detectors}},
    year = {2020},
    booktitle = {2020 IEEE International Symposium on Mixed and Augmented Reality (ISMAR)},
    author = {Li, Richard and Whitmire, Eric and Stengel, Michael and Boudaoud, Ben and Kautz, Jan and Luebke, David and Patel, Shwetak and Ak{\c{s}}it, Kaan},
    pages = {117--126}
}

@inproceedings{Lee2015Outatime:Gaming,
    title = {{Outatime: Using speculation to enable low-latency continuous interaction for mobile cloud gaming}},
    year = {2015},
    booktitle = {MobiSys 2015 - Proceedings of the 13th Annual International Conference on Mobile Systems, Applications, and Services},
    author = {Lee, Kyungmin and Chu, David and Cuervo, Eduardo and Kopf, Johannes and Degtyarev, Yury and Grizan, Sergey and Wolman, Alec and Flinn, Jason},
    pages = {151--165},
    isbn = {9781450334945},
    doi = {10.1145/2742647.2742656},
    keywords = {Cloud gaming, Network latency, Speculation}
}

@incollection{Guan2019Pano:Perception,
    title = {{Pano: Optimizing 360 video streaming with a better understanding of quality perception}},
    year = {2019},
    booktitle = {Proceedings of the ACM Special Interest Group on Data Communication},
    author = {Guan, Yu and Zheng, Chengyuan and Zhang, Xinggong and Guo, Zongming and Jiang, Junchen},
    pages = {394--407}
}

@article{Hemingway2018PerspectivesMoments,
    title = {{Perspectives on Euler angle singularities, gimbal lock, and the orthogonality of applied forces and applied moments}},
    year = {2018},
    journal = {Multibody System Dynamics},
    author = {Hemingway, Evan G and O’Reilly, Oliver M},
    number = {1},
    pages = {31--56},
    volume = {44},
    publisher = {Springer},
    doi = {10.1007/s11044-018-9620-0}
}

@article{Proudlock2007PhysiologyCoordination,
    title = {{Physiology and pathology of eye-head coordination}},
    year = {2007},
    journal = {Progress in Retinal and Eye Research},
    author = {Proudlock, Frank Antony and Gottlob, Irene},
    number = {5},
    pages = {486--515},
    volume = {26},
    doi = {10.1016/j.preteyeres.2007.03.004},
    issn = {13509462},
    pmid = {17548226},
    keywords = {Aging, Eye-head coordination, Head movements, Oculomotor, Pathology, Physiology, Pursuit, Saccades, Schizophrenia}
}

@article{Mark1997Post-renderingWarping,
    title = {{Post-rendering 3D warping}},
    year = {1997},
    journal = {Proceedings of the Symposium on Interactive 3D Graphics},
    author = {Mark, William R. and McMillan, Leonard and Bishop, Gary},
    number = {Figure 2},
    pages = {7--16},
    doi = {10.1145/253284.253292}
}

@inproceedings{Pranata2018PotentialMethod,
    title = {{Potential Level Detection of Skin Cancer with Expert System Using Forward Chaining and Certainty Factor Method}},
    year = {2018},
    booktitle = {2018 IEEE International Conference on Internet of Things and Intelligence System (IOTAIS)},
    author = {Pranata, Reinaldi Nur and Osmond, Andrew Brian and Setianingsih, Casi},
    month = {11},
    publisher = {IEEE},
    isbn = {978-1-5386-7358-4},
    doi = {10.1109/IOTAIS.2018.8600855}
}

@inproceedings{Katrychuk2019Power-efficientHeadsets,
    title = {{Power-efficient and shift-robust eye-tracking sensor for portable VR headsets}},
    year = {2019},
    booktitle = {Proceedings of the 11th ACM Symposium on Eye Tracking Research {\&} Applications},
    author = {Katrychuk, Dmytro and Griffith, Henry K and Komogortsev, Oleg V},
    pages = {1--8}
}

@book{Chambers2019PracticalSystems,
    title = {{Practical handbook of genetic algorithms: complex coding systems}},
    year = {2019},
    author = {Chambers, Lance D},
    volume = {3},
    publisher = {CRC press}
}

@article{Aladagli2017PredictingVideos,
    title = {{Predicting head trajectories in 360{${}^\circ$} virtual reality videos}},
    year = {2017},
    author = {Aladagli, A Deniz and Ekmekcioglu, Erhan and Jarnikov, Dmitri and Kondoz, Ahmet and Lampendriessen, De and Eindhoven, A Z},
    isbn = {9781538646557}
}

@article{Nguyen2018PredictiveNetworks,
    title = {{Predictive tile selection for 360-degree VR video streaming in bandwidth-limited networks}},
    year = {2018},
    journal = {IEEE Communications Letters},
    author = {Nguyen, Thanh Cong and Yun, Ji Hoon},
    number = {9},
    pages = {1858--1861},
    volume = {22},
    publisher = {IEEE},
    doi = {10.1109/LCOMM.2018.2848915},
    issn = {15582558},
    keywords = {360 video, Virtual reality, video streaming, video tile selection}
}

@article{Hou2018PredictiveExperiences,
    title = {{Predictive view generation to enable mobile 360-degree and VR experiences}},
    year = {2018},
    journal = {VR/AR Network 2018 - Proceedings of the 2018 Morning Workshop on Virtual Reality and Augmented Reality Network, Part of SIGCOMM 2018},
    author = {Hou, Xueshi and Dey, Sujit and Zhang, Jianzhong and Budagavi, Madhukar},
    pages = {20--26},
    isbn = {9781450359139},
    doi = {10.1145/3229625.3229629},
    keywords = {360-degree video, Video streaming, Virtual reality}
}

@inproceedings{Hou2018PredictiveExperiencesb,
    title = {{Predictive view generation to enable mobile 360-degree and VR experiences}},
    year = {2018},
    booktitle = {Proceedings of the 2018 Morning Workshop on Virtual Reality and Augmented Reality Network},
    author = {Hou, Xueshi and Dey, Sujit and Zhang, Jianzhong and Budagavi, Madhukar},
    pages = {20--26}
}

@inproceedings{Okada2013PreliminaryDirections,
    title = {{Preliminary analysis of gait changes that correspond to gaze directions}},
    year = {2013},
    booktitle = {Proceedings - 2nd IAPR Asian Conference on Pattern Recognition, ACPR 2013},
    author = {Okada, Tsukasa and Yamazoe, Hirotake and Mitsugami, Ikuhisa and Yagi, Yasushi},
    pages = {788--792},
    publisher = {IEEE Computer Society},
    doi = {10.1109/ACPR.2013.184},
    keywords = {Gait, Gaze, Motion capture}
}

@article{Novak2016PromotingReport,
    title = {{Promoting neuroplasticity in a developing brain: Integrated neurorehabilitation (INRA) for children with cerebral palsy—A protocol description and case report}},
    year = {2016},
    journal = {J Neurol Stroke},
    author = {Novak, M R},
    number = {4},
    pages = {137},
    volume = {4},
    doi = {10.15406/jnsk.2016.04.00137}
}

@article{Eriyani2018RancangFollower,
    title = {{Rancang Bangun Robot Pelayan Restoran Otomatis Berbasis Mikrokontroler Atmega16 Dengan Navigasi Line Follower}},
    year = {2018},
    author = {Eriyani, Vina and Triyanto, Dedy and Nirmala, Irma},
    number = {03},
    pages = {66--74},
    volume = {06},
    keywords = {Pelayan restoran, kontrol PD., line follower, mikrokontroler}
}

@article{Kurniawan2019RancangWebsite,
    title = {{Rancang Bangun Sistem Pendeteksi Dan Monitoring Banjir Menggunakan Arduino Dan Website}},
    year = {2019},
    journal = {Jurnal Komputer dan Aplikasi},
    author = {Kurniawan, Hari and Triyanto, Dedi and Nirmala, Irma and Rekayasa, Jurusan and Komputer, Sistem},
    number = {01},
    pages = {11--22},
    volume = {07}
}

@article{Erwan2018RancangWebsite,
    title = {{Rancang Bangun Sistem Pengukur Cuaca Otomatis Menggunakan Arduino Dan Terintegrasi Dengan Website}},
    year = {2018},
    journal = {Jurnal Coding, Sistem Komputer Untan},
    author = {Erwan, Ferdy and Muid, Abdul and Nirmala, Irma},
    number = {03},
    pages = {255--264},
    volume = {06}
}

@article{Chen2018RationalDiscontinuities,
    title = {{Rational neural networks for approximating graph convolution operator on jump discontinuities}},
    year = {2018},
    journal = {Proceedings - IEEE International Conference on Data Mining, ICDM},
    author = {Chen, Zhiqian and Chen, Feng and Lai, Rongjie and Zhang, Xuchao and Lu, Chang Tien},
    pages = {59--68},
    volume = {2018-Novem},
    isbn = {9781538691588},
    doi = {10.1109/ICDM.2018.00021},
    issn = {15504786},
    arxivId = {arXiv:1808.10073v1},
    keywords = {Approximation, Deep learning, Graph}
}

@inproceedings{Hidayatullah2017RealizationRobot,
    title = {{Realization of depth first search algorithm on line maze solver robot}},
    year = {2017},
    booktitle = {2017 International Conference on Control, Electronics, Renewable Energy and Communications (ICCREC)},
    author = {Hidayatullah, Ahmad Syarif and Jati, Agung Nugroho and Setianingsih, Casi},
    month = {9},
    publisher = {IEEE},
    isbn = {978-1-5386-1667-3},
    doi = {10.1109/ICCEREC.2017.8226690}
}

@article{Tibshirani2011RegressionMethodology,
    title = {{Regression shrinkage and selection via the lasso: a retrospective Series B Statistical methodology}},
    year = {2011},
    author = {Tibshirani, Robert}
}

@article{Shea2015Rhizome:Infrastructure,
    title = {{Rhizome: Utilizing the public cloud to provide 3D gaming infrastructure}},
    year = {2015},
    journal = {Proceedings of the 6th ACM Multimedia Systems Conference, MMSys 2015},
    author = {Shea, Ryan and Fu, Di and Liu, Jiangchuan},
    pages = {97--100},
    isbn = {9781450333511},
    doi = {10.1145/2713168.2713190},
    keywords = {Cloud gaming, Graphics processing unit, Virtualization}
}

@article{Hoerl1970RidgeProblems,
    title = {{Ridge regression: biased estimation for nonorthogonal problems}},
    year = {1970},
    journal = {Technometrics},
    author = {Hoerl, Arthur E and Kennard, Robert W},
    number = {1},
    pages = {55--67},
    volume = {12},
    publisher = {Taylor {\&} Francis}
}

@inproceedings{Kennedy2019RiverNetwork,
    title = {{River Water Pollution Pattern Prediction using a Simple Neural Network}},
    year = {2019},
    booktitle = {2019 IEEE International Conference on Industry 4.0, Artificial Intelligence, and Communications Technology (IAICT)},
    author = {{Kennedy} and Kusuma, Purba Daru and Setianingsih, Casi},
    month = {7},
    publisher = {IEEE},
    isbn = {978-1-7281-3745-2},
    doi = {10.1109/ICIAICT.2019.8784854}
}

@inproceedings{He2018Rubiks:Smartphones,
    title = {{Rubiks: Practical 360-degree streaming for smartphones}},
    year = {2018},
    booktitle = {Proceedings of the 16th Annual International Conference on Mobile Systems, Applications, and Services},
    author = {He, Jian and Qureshi, Mubashir Adnan and Qiu, Lili and Li, Jin and Li, Feng and Han, Lei},
    pages = {482--494}
}

@article{Sitzmann2018SaliencyEnvironments,
    title = {{Saliency in VR: How do people explore virtual environments?}},
    year = {2018},
    journal = {IEEE transactions on visualization and computer graphics},
    author = {Sitzmann, Vincent and Serrano, Ana and Pavel, Amy and Agrawala, Maneesh and Gutierrez, Diego and Masia, Belen and Wetzstein, Gordon},
    number = {4},
    pages = {1633--1642},
    volume = {24},
    publisher = {IEEE}
}

@misc{SamsungVR,
    title = {{Samsung Gear VR}},
    url = {https://www.oculus.com/gear-vr/}
}

@misc{SamsungGearVR,
    title = {{Samsung GearVR}},
    url = {https://www.oculus.com/gear-vr/}
}

@misc{SamsungGearVRb,
    title = {{Samsung GearVR}},
    url = {https://www.oculus.com/gear-vr/}
}

@article{Pedregosa2014Scikit-learn:Python,
    title = {{Scikit-learn: Machine learning in Python}},
    year = {2014},
    journal = {Journal of Machine Learning Research},
    author = {Pedregosa, Fabian and Varoquaux, Gaël and Gramfort, Alexandre and Michel, Vincent and Thirion, Bertrand and Grise, Olivier and Blondel, Mathieu and Prettenhofer, Peter and Weiss, Ron and Dubourg, Vincent and Vanderplas, Jake and Passos, Alexandre and Cournapeau, David and Brucher, Matthieu and Perrot, Matthieu and Duchesnay, Édouard},
    number = {2014},
    pages = {i-ii},
    volume = {39},
    issn = {15337928}
}

@article{Nguyen2019SelectiveReality,
    title = {{Selective timewarp based on embedded motion vectors for interactive cloud virtual reality}},
    year = {2019},
    journal = {IEEE Access},
    author = {Nguyen, Thanh Cong and Kim, Sanghyun and Son, Ju Hyung and Yun, Ji Hoon},
    pages = {3031--3045},
    volume = {7},
    publisher = {IEEE},
    doi = {10.1109/ACCESS.2018.2888700},
    issn = {21693536},
    keywords = {Virtual reality, cloud VR, head-locked object, image reprojection, motion vector, timewarp}
}

@article{Rasman2018SensorimotorPerturbations,
    title = {{Sensorimotor manipulations of the balance control loop-beyond imposed external perturbations}},
    year = {2018},
    journal = {Frontiers in Neurology},
    author = {Rasman, Brandon G. and Forbes, Patrick A. and Tisserand, Romain and Blouin, Jean Sébastien},
    number = {OCT},
    pages = {1--17},
    volume = {9},
    doi = {10.3389/fneur.2018.00899},
    issn = {16642295},
    keywords = {Balance control, Imposed perturbations, Ongoing human in the loop manipulations, Quiet standing, Robotics, Sensory stimulation}
}

@article{Weech2020SensoryCybersickness,
    title = {{Sensory down-weighting in visual-postural coupling is linked with lower cybersickness}},
    year = {2020},
    journal = {Frontiers in Virtual Reality},
    author = {Weech, Séamas and Calderon, Claudia Martin and Barnett-Cowan, Michael},
    number = {September},
    pages = {1--9},
    volume = {1},
    doi = {10.3389/frvir.2020.00010},
    keywords = {motion sickness, self-motion perception, sensory re-weighting, vection, virtual reality}
}

@article{Weech2020SensoryCybersicknessb,
    title = {{Sensory down-weighting in visual-postural coupling is linked with lower cybersickness}},
    year = {2020},
    journal = {Frontiers in Virtual Reality},
    author = {Weech, Séamas and Calderon, Claudia Martin and Barnett-Cowan, Michael},
    number = {September},
    pages = {1--9},
    volume = {1},
    doi = {10.3389/frvir.2020.00010},
    keywords = {motion sickness, self-motion perception, sensory re-weighting, vection, virtual reality}
}

@inproceedings{Fitri2018SentimentAlgorithm,
    title = {{Sentiment Analysis on the Level of Customer Satisfaction to Data Cellular Services Using the Naive Bayes Classifier Algorithm}},
    year = {2018},
    booktitle = {2018 IEEE International Conference on Internet of Things and Intelligence System (IOTAIS)},
    author = {Fitri, Febriyani S and Si, Muhammad Nasrun S. and Setianingsih, Casi},
    month = {11},
    publisher = {IEEE},
    isbn = {978-1-5386-7358-4},
    doi = {10.1109/IOTAIS.2018.8600870}
}

@inproceedings{Wibawa2018SentimentAlgorithm,
    title = {{Sentiment Analysis on User Satisfaction Level of Cellular Data Service Using the K-Nearest Neighbor (K-NN) Algorithm}},
    year = {2018},
    booktitle = {2018 International Conference on Control, Electronics, Renewable Energy and Communications (ICCEREC)},
    author = {Wibawa, Desdwyatma Wahyu and Nasrun, Muhammad and Setianingsih, Casi},
    month = {12},
    publisher = {IEEE},
    isbn = {978-1-7281-1993-9},
    doi = {10.1109/ICCEREC.2018.8711992}
}

@inproceedings{Chory2018SentimentAlgorithm,
    title = {{Sentiment Analysis on User Satisfaction Level of Mobile Data Services Using Support Vector Machine (SVM) Algorithm}},
    year = {2018},
    booktitle = {2018 IEEE International Conference on Internet of Things and Intelligence System (IOTAIS)},
    author = {Chory, Rimba Nuzulul and Nasrun, Muhammad and Setianingsih, Casi},
    month = {11},
    publisher = {IEEE},
    isbn = {978-1-5386-7358-4},
    doi = {10.1109/IOTAIS.2018.8600884}
}

@inproceedings{Ramadhan2017SentimentRegression,
    title = {{Sentiment analysis using multinomial logistic regression}},
    year = {2017},
    booktitle = {2017 International Conference on Control, Electronics, Renewable Energy and Communications (ICCREC)},
    author = {Ramadhan, W.P. and Novianty, Astri and Setianingsih, Casi},
    month = {9},
    publisher = {IEEE},
    isbn = {978-1-5386-1667-3},
    doi = {10.1109/ICCEREC.2017.8226700}
}

@article{SeibuTomasua2016SistemService,
    title = {{Sistem Kendali Dan Monitoring Penggunaan Peralatan Listrik Di Rumah Menggunakan Raspberry Pi Dan Web Service}},
    year = {2016},
    journal = {Jurusan Sistem Komputer, Fakultas MIPA Universitas Tanjungpura Jl. Prof. Dr. H. Hadari Nawawi, Pontianak},
    author = {{Seibu Tomasua} and Triyanto, Dedi and Nirmala, Irma},
    number = {3},
    pages = {96},
    volume = {Volume 4,},
    issn = {ISSN : 2338-493X}
}

@article{Fitriah2017SistemWeb,
    title = {{Sistem Pemberian Pakan Kucing Otomatis Berbasis Arduino Dengan Metode K-Nearest Neighbor (Knn) Dan Antar Muka Berbasis Web}},
    year = {2017},
    journal = {Coding Sistem Komputer Untan},
    author = {Fitriah, Claudiyana and Triyanto, Dedi and Nirmala, Irma},
    number = {2},
    pages = {36--46},
    volume = {05},
    keywords = {K-nearest neighbor, Pakan kucing otomatis, Website}
}

@article{Winanda2014SmartGrid,
    title = {{Smart grid secure data transmission for high voltage grid}},
    year = {2014},
    journal = {2014 International Conference on Information Technology Systems and Innovation, ICITSI 2014 - Proceedings},
    author = {Winanda, Mukti and Satriawan, Ardianto and Gondokaryono, Yudi Satria},
    number = {November},
    pages = {70--75},
    isbn = {9781479965274},
    doi = {10.1109/ICITSI.2014.7048240},
    keywords = {IPSec, Network performance, OPNET modeler, Smart grid, Substation communications}
}

@inproceedings{Winanda2014SmartGridb,
    title = {{Smart grid secure data transmission for high voltage grid}},
    year = {2014},
    booktitle = {2014 International Conference on Information Technology Systems and Innovation (ICITSI)},
    author = {Winanda, Mukti and Satriawan, Ardianto and Gondokaryono, Yudi Satria},
    pages = {70--75}
}

@inproceedings{Manurung2018SpeakerMethod,
    title = {{Speaker Recognition For Digital Forensic Audio Analysis Using Learning Vector Quantization Method}},
    year = {2018},
    booktitle = {2018 IEEE International Conference on Internet of Things and Intelligence System (IOTAIS)},
    author = {Manurung, Danny Bastian and Dirgantoro, Burhanuddin and Setianingsih, Casi},
    month = {11},
    publisher = {IEEE},
    isbn = {978-1-5386-7358-4},
    doi = {10.1109/IOTAIS.2018.8600852}
}

@book{Scott2005SpecialRiding,
    title = {{Special needs, special horses: A guide to the benefits of therapeutic riding}},
    year = {2005},
    author = {Scott, Naomi},
    number = {4},
    publisher = {University of North Texas Press}
}

@inproceedings{Muhammad2018SpeechModel,
    title = {{Speech recognition for English to Indonesian translator using hidden Markov model}},
    year = {2018},
    booktitle = {2018 International Conference on Signals and Systems (ICSigSys)},
    author = {Muhammad, Hariz Zakka and Nasrun, Muhammad and Setianingsih, Casi and Murti, Muhammad Ary},
    month = {5},
    publisher = {IEEE},
    isbn = {978-1-5386-5689-1},
    doi = {10.1109/ICSIGSYS.2018.8372768}
}

@article{Bourke2005SphericalProjection,
    title = {{Spherical mirror: A new approach to hemispherical dome projection}},
    year = {2005},
    journal = {Proceedings - GRAPHITE 2005 - 3rd International Conference on Computer Graphics and Interactive Techniques in Australasia and Southeast Asia},
    author = {Bourke, Paul},
    number = {January 2005},
    pages = {281--284},
    isbn = {1595932267},
    doi = {10.1145/1101389.1101445},
    keywords = {Digital projection spherical mirror, Immersive displays, Planetarium projection, Virtual reality}
}

@article{Breiman1996StackedRegressions,
    title = {{Stacked regressions}},
    year = {1996},
    journal = {Machine learning},
    author = {Breiman, Leo},
    number = {1},
    pages = {49--64},
    volume = {24},
    publisher = {Springer}
}

@article{Novak2020StatePalsy.,
    title = {{State of the Evidence Traffic Lights 2019: Systematic Review of Interventions for Preventing and Treating Children with Cerebral Palsy.}},
    year = {2020},
    journal = {Current Neurology and Neuroscience Reports},
    author = {Novak, Iona and Morgan, Catherine and Fahey, Michael C and Finch-Edmondson, Megan L and Galea, Claire and Hines, Ashleigh and Langdon, Katherine and Langdon, Katherine and Namara, Maria Mc and Paton, Madison Cb and Paton, Madison C B and Popat, Himanshu and Shore, Benjamin J and Khamis, Amanda and Stanton, Emma and Finemore, Olivia P and Tricks, Alice and te Velde, Anna and Dark, Leigha and Morton, Natalie and Morton, Natalie and Badawi, Nadia},
    doi = {10.1007/s11910-020-1022-z},
    pmid = {32086598}
}

@misc{SteamVR,
    title = {{Steam VR}},
    url = {https://store.steampowered.com/steamvr}
}

@article{Setyawan2010TerapiAutisme,
    title = {{Terapi Berkuda (Hippotherapy) Sebagai Media Stabilisasi Emosi Penyandang Autisme}},
    year = {2010},
    author = {Setyawan, Aswin and Mirajziana, Khansa and Husein, Wahid Fakhri and {others}},
    publisher = {Bogor Agricultural University, Institut Pertanian Bogor}
}

@inproceedings{Setyadi2018TextNetwork,
    title = {{Text Analysis For Hate Speech Detection Using Backpropagation Neural Network}},
    year = {2018},
    booktitle = {2018 International Conference on Control, Electronics, Renewable Energy and Communications (ICCEREC)},
    author = {Setyadi, Nabiila Adani and Nasrun, Muhammad and Setianingsih, Casi},
    month = {12},
    publisher = {IEEE},
    isbn = {978-1-7281-1993-9},
    doi = {10.1109/ICCEREC.2018.8712109}
}

@article{vanWaveren2016TheHardware,
    title = {{The asynchronous time warp for virtual reality on consumer hardware}},
    year = {2016},
    journal = {VRST},
    author = {van Waveren, J M P},
    doi = {10.1145/2993369.2993375},
    pmid = {null}
}

@article{Mowrer1935TheMovements,
    title = {{The corneo-retinal potential difference as the basis of the galvanometric method of recording eye movements}},
    year = {1935},
    journal = {American Journal of Physiology-Legacy Content},
    author = {Mowrer, O H and Ruch, Theodore C and Miller, N E},
    number = {2},
    pages = {423--428},
    volume = {114},
    publisher = {American Physiological Society}
}

@article{Jung2022TheStudy,
    title = {{The Effect of a Horse-Riding Simulator with Virtual Reality on Gross Motor Function and Body Composition of Children with Cerebral Palsy: Preliminary Study}},
    year = {2022},
    journal = {Sensors},
    author = {Jung, Yong Gi and Chang, Hyun Jung and Jo, Eun Sol and Kim, Da Hye},
    doi = {10.3390/s22082903},
    pmid = {null}
}

@article{Jung2022TheStudyb,
    title = {{The Effect of a Horse-Riding Simulator with Virtual Reality on Gross Motor Function and Body Composition of Children with Cerebral Palsy: Preliminary Study}},
    year = {2022},
    journal = {Sensors},
    author = {Jung, Yong Gi and Chang, Hyun Jung and Jo, Eun Sol and Kim, Da Hye},
    doi = {10.3390/s22082903},
    pmid = {35458888}
}

@article{Yoo2014ThePain,
    title = {{The effect of horse simulator riding on visual analogue scale, body composition and trunk strength in the patients with chronic low back pain}},
    year = {2014},
    journal = {International Journal of Clinical Practice},
    author = {Yoo, J. H. and Kim, S. E. and Lee, M. G. and Jin, J. J. and Hong, J. and Choi, Y. T. and Kim, M. H. and Jee, Y. S.},
    number = {8},
    pages = {941--949},
    volume = {68},
    doi = {10.1111/ijcp.12414},
    issn = {17421241},
    pmid = {25039929}
}

@article{Kim2017TheOsteoarthritis,
    title = {{The effect of horse-riding simulator exercise on the gait, muscle strength and muscle activation in elderly people with knee osteoarthritis}},
    year = {2017},
    journal = {Journal of Physical Therapy Science},
    author = {Kim, Seung Kyu and Kim, Seong Gil and Bo, Gak Hwang},
    number = {4},
    pages = {693--696},
    volume = {29},
    doi = {10.1589/jpts.29.693},
    issn = {09155287},
    keywords = {Horse-riding simulator, Knee osteoarthritis}
}

@article{Viana2021TheMeta-analysis,
    title = {{The effects of exergames on muscle strength: A systematic review and meta-analysis}},
    year = {2021},
    journal = {Scandinavian Journal of Medicine {\&} Science in Sports},
    author = {Viana, Ricardo Borges and de Oliveira, Vinnycius Nunes and Dankel, Scott J and Loenneke, Jeremy P and Abe, Takashi and da Silva, Wellington Fernando and Morais, Naiane Silva and Vancini, Rodrigo Luiz and Andrade, Marilia Santos and de Lira, Claudio Andre Barbosa},
    number = {8},
    pages = {1592--1611},
    volume = {31},
    publisher = {Wiley Online Library},
    doi = {10.1111/sms.13964.}
}

@article{Moraes2016ThePalsy,
    title = {{The effects of hippotherapy on postural balance and functional ability in children with cerebral palsy}},
    year = {2016},
    journal = {Journal of Physical Therapy Science},
    author = {Moraes, Andréa Gomes and Copetti, Fernando and Angelo, Vera Regina and Chiavoloni, Luana Leonardo and David, Ana Cristina},
    number = {8},
    pages = {2220--2226},
    volume = {28},
    doi = {10.1589/jpts.28.2220},
    issn = {0915-5287}
}

@article{Kim2015TheElderly,
    title = {{The effects of horse riding simulation exercise on muscle activation and limits of stability in the elderly}},
    year = {2015},
    journal = {Archives of Gerontology and Geriatrics},
    author = {Kim, Seong Gil and Lee, Jung Ho},
    number = {1},
    pages = {62--65},
    volume = {60},
    publisher = {Elsevier Ireland Ltd},
    url = {http://dx.doi.org/10.1016/j.archger.2014.10.018},
    doi = {10.1016/j.archger.2014.10.018},
    issn = {18726976},
    pmid = {25465508},
    keywords = {Elderly, Horse riding simulator, Limits of stability, Muscle activation}
}

@article{Cha2016TheGait,
    title = {{The effects of horse riding simulation exercise with blindfolding on healthy subjects’ balance and gait}},
    year = {2016},
    journal = {Journal of Physical Therapy Science},
    author = {Cha, Hyun Gyu and Lee, Byung Joon and Lee, Wan Hee},
    number = {11},
    pages = {3165--3167},
    volume = {28},
    doi = {10.1589/jpts.28.3165},
    issn = {09155287},
    keywords = {Balance, Gait, Horse riding simulation}
}

@article{Schnall2012TheProcesses,
    title = {{The Immersive Virtual Environment of the digital fulldome: Considerations of relevant psychological processes}},
    year = {2012},
    journal = {International Journal of Human Computer Studies},
    author = {Schnall, Simone and Hedge, Craig and Weaver, Ruth},
    number = {8},
    pages = {561--575},
    volume = {70},
    doi = {10.1016/j.ijhcs.2012.04.001},
    issn = {10959300},
    keywords = {Digital fulldome, Immersion, Immersive Virtual Environment, Learning, Presence, Psychology, Virtual reality}
}

@article{Beckung2007TheYears,
    title = {{The natural history of gross motor development in children with cerebral palsy aged 1 to 15 years}},
    year = {2007},
    journal = {Developmental Medicine {\&} Child Neurology},
    author = {Beckung, E and Carlsson, G and Carlsdotter, S and Uvebrant, P},
    number = {10},
    pages = {751--756},
    volume = {49},
    publisher = {Wiley Online Library},
    doi = {10.1111/j.1469-8749.2007.00751.x.}
}

@article{Zhu2018TheImages,
    title = {{The prediction of head and eye movement for 360 degree images}},
    year = {2018},
    journal = {Signal Processing: Image Communication},
    author = {Zhu, Yucheng and Zhai, Guangtao and Min, Xiongkuo},
    number = {September 2017},
    pages = {15--25},
    volume = {69},
    publisher = {Elsevier Ltd},
    url = {https://doi.org/10.1016/j.image.2018.05.010},
    doi = {10.1016/j.image.2018.05.010},
    issn = {09235965},
    keywords = {360 degree, Head motion, Head–eye motion, Omnidirectional, Panoramic, Saliency detection, Scanpath, VR}
}

@article{Wu2019TheTrials,
    title = {{The Rehabilitative Effects of Virtual Reality Games on Balance Performance among Children with Cerebral Palsy: A Meta-Analysis of Randomized Controlled Trials}},
    year = {2019},
    journal = {International Journal of Environmental Research and Public Health},
    author = {Wu, Jinlong and Wu, Jinlong and Loprinzi, Paul D and Ren, Zhanbing},
    doi = {10.3390/ijerph16214161},
    pmid = {31661938}
}

@article{Tealab2018TimeReview,
    title = {{Time series forecasting using artificial neural networks methodologies: A systematic review}},
    year = {2018},
    journal = {Future Computing and Informatics Journal},
    author = {Tealab, Ahmed},
    number = {2},
    pages = {334--340},
    volume = {3},
    publisher = {Elsevier Ltd},
    url = {https://doi.org/10.1016/j.fcij.2018.10.003},
    doi = {10.1016/j.fcij.2018.10.003},
    issn = {23147288},
    keywords = {forecasting, moving averages, neural networks, nonlinear time series}
}

@misc{Sensics2016Time-warpExplained,
    title = {{Time-warp explained}},
    year = {2016},
    author = {{Sensics}},
    url = {https://medium.com/insights-on-virtual-reality/time-warp-explained-febea194ca87}
}

@misc{Bates2019Time-warpingSystem,
    title = {{Time-warping adjustment based on depth information in a virtual/augmented reality system}},
    year = {2019},
    author = {Bates, John Paul},
    month = {10},
    publisher = {US Patent 10,453,272}
}

@article{Yan2012TowardNetworks,
    title = {{Toward automatic time-series forecasting using neural networks}},
    year = {2012},
    journal = {IEEE Transactions on Neural Networks and Learning Systems},
    author = {Yan, Weizhong},
    number = {7},
    pages = {1028--1039},
    volume = {23},
    doi = {10.1109/TNNLS.2012.2198074},
    issn = {2162237X},
    pmid = {24807130},
    keywords = {Artificial neural network, generalized regression neural network, model combination, time-series forecasting}
}

@article{Elbamby2018TowardReality,
    title = {{Toward low-latency and ultra-reliable virtual reality}},
    year = {2018},
    author = {Elbamby, Mohammed S and Perfecto, Cristina and Bennis, Mehdi and Doppler, Klaus},
    number = {April},
    pages = {78--84}
}

@article{Patney2016TowardsReality,
    title = {{Towards foveated rendering for gaze-tracked virtual reality}},
    year = {2016},
    journal = {ACM Transactions on Graphics (TOG)},
    author = {Patney, Anjul and Salvi, Marco and Kim, Joohwan and Kaplanyan, Anton and Wyman, Chris and Benty, Nir and Luebke, David and Lefohn, Aaron},
    number = {6},
    pages = {1--12},
    volume = {35},
    publisher = {ACM New York, NY, USA}
}

@article{Wang2010TrackingCamera,
    title = {{Tracking eye gaze under coordinated head rotations with an ordinary camera}},
    year = {2010},
    journal = {Lecture Notes in Computer Science (including subseries Lecture Notes in Artificial Intelligence and Lecture Notes in Bioinformatics)},
    author = {Wang, Haibo and Pan, Chunhong and Chaillou, Christophe},
    number = {PART 2},
    pages = {120--129},
    volume = {5995 LNCS},
    isbn = {3642123031},
    doi = {10.1007/978-3-642-12304-7{\_}12},
    issn = {03029743}
}

@inproceedings{Ratnasari2017TrafficAndroid,
    title = {{Traffic sign recognition application using scale invariant feature transform method and support vector machine based on android}},
    year = {2017},
    booktitle = {2017 IEEE Asia Pacific Conference on Wireless and Mobile (APWiMob)},
    author = {Ratnasari, Ranti and Irawan, Budhi and Setianingsih, Casi},
    month = {11},
    publisher = {IEEE},
    isbn = {978-1-5386-2373-2},
    doi = {10.1109/APWiMob.2017.8284003}
}

@inproceedings{Arifin2017TrafficAndroid,
    title = {{Traffic sign recognition application using speeded-up robust features (SURF) and support vector machine (SVM) based on android}},
    year = {2017},
    booktitle = {2017 IEEE Asia Pacific Conference on Wireless and Mobile (APWiMob)},
    author = {Arifin, Nizar Akbar and Irawan, Budhi and Setianingsih, Casi},
    month = {11},
    publisher = {IEEE},
    isbn = {978-1-5386-2373-2},
    doi = {10.1109/APWiMob.2017.8284004}
}

@inproceedings{Azid2017TranslationMachine,
    title = {{Translation russian cyrillic to latin alphabet using SVM (support vector machine)}},
    year = {2017},
    booktitle = {2017 IEEE Asia Pacific Conference on Wireless and Mobile (APWiMob)},
    author = {Azid, Dian Faruqi and Irawan, Budhi and Setianingsih, Casi},
    month = {11},
    publisher = {IEEE},
    isbn = {978-1-5386-2373-2},
    doi = {10.1109/APWiMob.2017.8284005}
}

@inproceedings{Li2017Ultra-lowReality,
    title = {{Ultra-low power gaze tracking for virtual reality}},
    year = {2017},
    booktitle = {Proceedings of the 15th ACM Conference on Embedded Network Sensor Systems},
    author = {Li, Tianxing and Liu, Qiang and Zhou, Xia},
    pages = {1--14}
}

@article{Li2019Ultra-low-powerReality,
    title = {{Ultra-low-power gaze tracking for virtual reality}},
    year = {2019},
    journal = {GetMobile: Mobile Computing and Communications},
    author = {Li, Tianxing and Liu, Qiang and Zhou, Xia},
    number = {3},
    pages = {27--31},
    volume = {22},
    publisher = {ACM New York, NY, USA}
}

@misc{Unity,
    title = {{Unity}},
    url = {https://unity.com/}
}

@article{Chen2007UseDesign,
    title = {{Use of virtual reality to improve upper-extremity control in children with cerebral palsy: a single-subject design}},
    year = {2007},
    journal = {Physical therapy},
    author = {Chen, Yu-Ping and Kang, Lin-Ju and Chuang, Tien-Yow and Doong, Ji-Liang and Lee, Shwn-Jan and Tsai, Mei-Wun and Jeng, Suh-Fang and Sung, Wen-Hsu},
    number = {11},
    pages = {1441--1457},
    volume = {87},
    publisher = {Oxford University Press},
    doi = {10.2522/ptj.20060062.}
}

@article{Barniv2005UsingApplications,
    title = {{Using EMG to anticipate head motion for virtual-environment applications}},
    year = {2005},
    journal = {IEEE Transactions on Biomedical Engineering},
    author = {Barniv, Yair and Aguilar, Mario and Hasanbelliu, Erion},
    number = {6},
    pages = {1078--1093},
    volume = {52},
    doi = {10.1109/TBME.2005.848378},
    issn = {00189294},
    pmid = {15977737},
    keywords = {Electromyogram, Head-mounted display (HMD), Neural networks, Pattern recognition, Virtual environment (VE)}
}

@inproceedings{Yang2021VGaze:Devices,
    title = {{vGaze: Implicit saliency-aware calibration for continuous gaze tracking on mobile devices}},
    year = {2021},
    booktitle = {IEEE INFOCOM 2021-IEEE Conference on Computer Communications},
    author = {Yang, Songzhou and He, Yuan and Jin, Meng},
    pages = {1--10}
}

@article{Farmani2018ViewpointReality,
    title = {{Viewpoint snapping to reduce cybersickness in virtual reality}},
    year = {2018},
    journal = {Proceedings - Graphics Interface},
    author = {Farmani, Yasin and Teather, Robert J.},
    pages = {159--166},
    volume = {2018-May},
    isbn = {9780994786821},
    doi = {10.20380/GI2018.21},
    issn = {07135424},
    keywords = {Cybersickness, Vection, Visually induced motion sickness}
}

@article{Farmani2018ViewpointRealityb,
    title = {{Viewpoint snapping to reduce cybersickness in virtual reality}},
    year = {2018},
    journal = {Proceedings - Graphics Interface},
    author = {Farmani, Yasin and Teather, Robert J.},
    number = {May},
    pages = {159--166},
    volume = {2018-May},
    isbn = {9780994786821},
    doi = {10.20380/GI2018.21},
    issn = {07135424},
    keywords = {Cybersickness, Vection, Visually induced motion sickness}
}

@article{Anderson2010VirtualTherapy,
    title = {{Virtual equine assisted therapy}},
    year = {2010},
    journal = {Proceedings - IEEE Virtual Reality},
    author = {Anderson, Fraser and Annett, Michelle and Bischof, Walter F. and Boulanger, Pierre},
    number = {May 2014},
    pages = {255--256},
    isbn = {9781424462582},
    doi = {10.1109/VR.2010.5444776},
    keywords = {Equine assisted therapy, H.5.1 [multimedia information systems]: artificial, J.3 [life and medical science]: health, J.m [miscellaneous], Virtual reality}
}

@inproceedings{Anderson2010VirtualTherapyb,
    title = {{Virtual equine assisted therapy}},
    year = {2010},
    booktitle = {2010 IEEE Virtual Reality Conference (VR)},
    author = {Anderson, Fraser and Annett, Michelle and Bischof, Walter F. and Boulanger, Pierre},
    publisher = {IEEE},
    isbn = {978-1-4244-6237-7},
    doi = {10.1109/VR.2010.5444776}
}

@article{Anderson2010VirtualTherapyc,
    title = {{Virtual equine assisted therapy}},
    year = {2010},
    journal = {2010 IEEE Virtual Reality Conference (VR)},
    author = {Anderson, Fraser and Annett, Michelle and Bischof, Walter F and Boulanger, Pierre},
    doi = {10.1109/vr.2010.5444776},
    pmid = {null}
}

@article{Hemmerich2020VisuallyHorizon,
    title = {{Visually induced motion sickness on the horizon}},
    year = {2020},
    journal = {Frontiers in Virtual Reality},
    author = {Hemmerich, Wanja and Keshavarz, Behrang and Hecht, Heiko},
    number = {November},
    pages = {1--10},
    volume = {1},
    doi = {10.3389/frvir.2020.582095},
    keywords = {artificial, horizon, motion sickness, performance, reference information, reference information, motion sickness, visually i, time-to-contact, ttc, virtual reality, visually induced motion sickness}
}

@article{Hemmerich2020VisuallyHorizonb,
    title = {{Visually induced motion sickness on the horizon}},
    year = {2020},
    journal = {Frontiers in Virtual Reality},
    author = {Hemmerich, Wanja and Keshavarz, Behrang and Hecht, Heiko},
    number = {November},
    pages = {1--10},
    volume = {1},
    doi = {10.3389/frvir.2020.582095},
    keywords = {artificial, horizon, motion sickness, performance, reference information, reference information, motion sickness, visually i, time-to-contact, ttc, virtual reality, visually induced motion sickness}
}

@inproceedings{Gandhi2019WaterHydroponic,
    title = {{Water Flow Control System Based on Context Aware Algorithm and IoT for Hydroponic}},
    year = {2019},
    booktitle = {2019 IEEE International Conference on Internet of Things and Intelligence System (IoTaIS)},
    author = {Gandhi, Otrinanda and Ramdhani, Mohamad and Murti, Muhammad Ary and Setianingsih, Casi},
    month = {11},
    publisher = {IEEE},
    isbn = {978-1-7281-2516-9},
    doi = {10.1109/IoTaIS47347.2019.8980373}
}

@article{Koca2015WhatHippotherapy,
    title = {{What is hippotherapy? The indications and effectiveness of hippotherapy}},
    year = {2015},
    journal = {Northern clinics of Istanbul},
    author = {Koca, Tuba Tulay and Ataseven, Hilmi},
    number = {3},
    pages = {247},
    volume = {2},
    publisher = {Istanbul Northern Anatolian Association of Public Hospitals},
    doi = {10.14744/nci.2016.71601}
}

@inproceedings{Taqyudin2019WoodMethod,
    title = {{Wood Classification Based on Fiber Texture Using Backpropagation Method}},
    year = {2019},
    booktitle = {2019 International Conference on Sustainable Engineering and Creative Computing (ICSECC)},
    author = {Taqyudin, Mokhamad Ikbal and Irawan, Budhi and Setianingsih, Casi},
    month = {8},
    publisher = {IEEE},
    isbn = {978-1-7281-5192-2},
    doi = {10.1109/ICSECC.2019.8907197}
}

@inproceedings{Nurthohari2019WoodClassifier,
    title = {{Wood Quality Classification Based on Texture and Fiber Pattern Recognition using HOG Feature and SVM Classifier}},
    year = {2019},
    booktitle = {2019 IEEE International Conference on Internet of Things and Intelligence System (IoTaIS)},
    author = {Nurthohari, Zayyana and Murti, Muhammad Ary and Setianingsih, Casi},
    month = {11},
    publisher = {IEEE},
    isbn = {978-1-7281-2516-9},
    doi = {10.1109/IoTaIS47347.2019.8980414}
}

@article{Kim2017POSTERReality,
    title = {{[POSTER] DotWarp: Dynamic Object Timewarping for video see-through Augmented Reality}},
    year = {2017},
    journal = {2017 IEEE International Symposium on Mixed and Augmented Reality (ISMAR-Adjunct)},
    author = {Kim, Peter and Orlosky, Jason and Kiyokawa, Kiyoshi and Ratsamee, Photchara and Mashita, Tomohiro},
    doi = {10.1109/ismar-adjunct.2017.61},
    pmid = {null}
}

@article{Savira2013NoTitle,
    title = {{済無No Title No Title}},
    year = {2013},
    journal = {Journal of Chemical Information and Modeling},
    author = {Savira, Fitria and Suharsono, Yudi},
    number = {01},
    pages = {1689--1699},
    volume = {01},
    isbn = {9788578110796},
    issn = {1098-6596},
    pmid = {25246403},
    arxivId = {arXiv:1011.1669v3},
    keywords = {icle}
}